3778 5488
895 686 959 756 931

364 904 487 954 revera
512 891 614 973 poeta
637 883 924 972 obtemperasset,
945 883 974 951 si
998 883 1113 952 redire
1138 884 1171 952 ei
1191 883 1356 966 licuisset,
1369 884 1405 951 in
1419 884 1485 954 bac

363 1009 505 1099 quidem
542 1028 591 1091 re,
621 1014 661 1077 ut
694 1007 854 1091 vidimus,
886 1008 1123 1078 Ciceronis
1146 1007 1278 1076 similis.
1314 1007 1485 1078 Seneca

364 1153 457 1217 vero,
491 1153 572 1203 cum
608 1117 750 1202 emore'
769 1150 835 1202 suo
858 1131 940 1216 (vid.
965 1131 1116 1201 indicem
1143 1130 1316 1214 Haasii)
1340 1132 1376 1200 in
1400 1152 1484 1200 con-

362 1257 532 1327 solatione
567 1257 610 1325 ad
650 1256 808 1325 Helviam
844 1264 994 1325 matrem
1028 1276 1091 1345 per
1113 1263 1187 1325 tota
1209 1255 1278 1324 tria
1301 1256 1417 1345 capita
1440 1266 1483 1340 (c.

364 1380 512 1461 lO—l2)
541 1381 784 1450 vehementius
806 1388 842 1450 et
865 1382 1040 1470 copiosius
1063 1379 1106 1448 de
1130 1380 1396 1450 contemnendis
1421 1381 1484 1449 bo-

364 1505 512 1575 noribus
546 1505 687 1574 luxuria
721 1505 921 1596 divitiisque
955 1505 1150 1595 disputans,
1176 1525 1213 1572 se
1237 1506 1484 1595 occupationes

363 1632 480 1720 potius
504 1650 611 1720 quam
638 1649 722 1720 opes
742 1630 933 1720 perdidisse
946 1631 1119 1710 iactasset,
1133 1630 1250 1698 statim
1266 1629 1376 1697 redux
1389 1630 1482 1699 clare

361 1755 514 1824 ostendit
536 1755 765 1825 ambitionem
777 1755 931 1846 quidem,
944 1754 1038 1845 quod
1055 1755 1177 1822 vitium
1190 1755 1225 1822 in
1239 1754 1477 1823 consolatione

361 1880 406 1948 ad
439 1879 623 1970 Polybium
655 1879 741 1966 (42)
764 1880 877 1949 obiter
899 1886 1040 1948 tantum
1064 1885 1170 1968 atque
1194 1878 1346 1967 exempli
1369 1880 1483 1948 instar

362 2005 456 2074 inter
478 2023 521 2073 ea
543 2005 755 2090 nominarat,
779 2024 870 2094 quae
896 2004 1028 2073 homini
1051 2003 1150 2092 larga
1174 2002 1280 2072 llendi
1292 2010 1327 2072 et
1339 2004 1482 2072 assidua

367 2130 514 2198 materia
541 2136 635 2214 sunt,
658 2149 695 2198 se
720 2150 789 2198 non
813 2129 961 2197 exuisse.
987 2127 1130 2196 Divitias
1155 2133 1273 2196 autem
1298 2135 1482 2218 congestas

366 2253 581 2322 adversariis
626 2254 703 2322 eius
747 2261 819 2322 tam
856 2252 1062 2343 aequalibus
1092 2271 1199 2340 quam
1232 2252 1483 2342 posterioribus

365 2398 489 2447 ansam
513 2378 716 2467 praebuisse
740 2378 783 2446 ad
797 2376 1045 2467 philosophum
1058 2375 1345 2466 aggrediendum,
1359 2397 1415 2446 res
1426 2384 1481 2446 est

362 2503 554 2572 notissima.
578 2503 696 2593 Atque
718 2500 922 2571 difficillima
947 2501 1103 2569 defensio
1126 2507 1203 2569 erat
1225 2508 1261 2569 et
1284 2501 1350 2592 ipsi
1369 2511 1406 2571 et
1426 2503 1478 2590 iis,

361 2626 491 2714 quibus
515 2636 636 2715 postea
662 2627 773 2695 visum
796 2633 850 2695 est
876 2627 1000 2709 virum,
1024 2625 1245 2714 qui-tantam
1270 2629 1478 2717 sapientiam

361 2770 446 2839 prae
477 2770 515 2819 se
544 2757 692 2839 gereret,
716 2751 917 2840 exemplum
941 2751 1047 2818 etiam
1073 2751 1312 2820 continentiae
1334 2751 1480 2841 iutegri-

360 2875 513 2962 tatisque
534 2875 572 2943 in
597 2876 734 2963 privata
757 2876 828 2943 vita
851 2895 926 2944 esse
950 2879 1123 2964 oportere.
