3792 5486
978 660 1024 730 80

442 857 669 942 „aerumna”
705 858 852 942 „oasu’';
884 879 965 927 cum
990 865 1073 926 ante
1096 864 1278 947 acceptam
1302 856 1555 927 contumeliam

338 1043 340 1048 .
440 988 562 1070 aperte
586 982 836 1062 „eiectionem”
860 983 1005 1051 dixisset
1023 983 1062 1071 1).
1086 1020 1131 1032 —

484 1105 673 1176 Ovidius
697 1106 824 1176 Tomos
847 1115 1048 1176 summotus
1070 1112 1124 1175 est
1146 1127 1228 1176 cum
1254 1107 1325 1176 iam
1348 1107 1442 1175 exilii
1464 1127 1556 1176 nova

439 1230 554 1300 torma
588 1232 723 1321 legibus
758 1231 949 1302 constituta
983 1239 1085 1316 esset,
1121 1231 1180 1299 sed
1208 1237 1323 1300 otest
1346 1231 1557 1301 existimatio

440 1355 621 1427 bominum
647 1356 782 1445 legibus
804 1357 910 1424 etiam
932 1357 1098 1435 tenacior,
1111 1357 1217 1424 etiam
1229 1363 1315 1424 tuno
1327 1377 1417 1425 novo
1429 1375 1558 1446 genere

440 1481 633 1557 maiestatis
656 1482 917 1566 condemnatos,
938 1483 968 1552 si
991 1484 1112 1551 exules
1135 1481 1415 1571 appellabantur,
1433 1478 1556 1548 eadem

439 1604 605 1673 manebat
637 1605 831 1694 ignominia
865 1612 972 1696 atque
995 1626 1066 1688 eos,
1091 1607 1152 1694 qui
1176 1605 1291 1694 priseo
1316 1623 1413 1672 more
1437 1603 1558 1692 populi

439 1728 610 1799 voluntati
633 1729 858 1800 oboedientes
882 1733 996 1820 patria
1019 1739 1208 1801 cesserant.
1256 1728 1430 1818 Privilegii
1450 1729 1557 1818 igitur

437 1854 513 1923 loeo
549 1853 751 1926 habendum
785 1862 849 1936 est,
883 1865 1022 1947 poetam
1046 1854 1223 1926 infelicem
1243 1853 1389 1942 relegati
1413 1853 1556 1922 nomine

437 1978 483 2047 ab
504 1978 667 2048 exulibus
689 1979 859 2066 discerni;
880 1981 994 2070 neque
1007 1979 1268 2049 aliterOvidius
1280 1980 1354 2069 ipse
1366 1977 1556 2057 iudicabat,

436 2103 497 2190 qui
521 2124 590 2172 non
616 2105 665 2173 ita
688 2125 769 2174 raro
788 2104 833 2172 de
858 2105 921 2174 hae
946 2104 1089 2194 relegati
1113 2104 1349 2194 appellatione
1372 2110 1554 2192 tamquam

436 2228 481 2295 de
518 2227 685 2298 beneficio
719 2228 886 2317 loquitur.
932 2229 1027 2317 (Non
1059 2235 1177 2297 tamen
1203 2228 1478 2298 obliviscendum
1503 2234 1556 2295 est

438 2351 610 2421 bonorum
645 2373 786 2443 quoque
821 2355 1074 2444 possessionem
1100 2353 1293 2442 legitimam
1316 2360 1353 2420 et
1375 2351 1553 2420 civitatem

436 2475 631 2565 relegatum
650 2473 748 2546 'exuli
770 2479 918 2567 antiquo
941 2478 1209 2568 anteposuisse).
1233 2477 1302 2546 Pro
1318 2496 1360 2545 ea
1372 2496 1410 2545 re
1422 2477 1554 2564 gratias

435 2600 509 2688 agit
532 2601 598 2689 ipsi
621 2601 802 2691 Angusto:

574 2743 625 2802 Ira
645 2743 765 2822 quidem
788 2745 941 2806 moderata
961 2750 1014 2806 tae
1034 2749 1088 2815 est,
1110 2744 1265 2821 vitamque
1285 2742 1403 2820 dedisti,

615 2857 677 2918 Nee
698 2860 772 2920 mibi
793 2861 840 2921 ius
859 2861 934 2920 nivis
955 2879 1009 2920 nee
1031 2860 1103 2919 mini
1125 2877 1234 2919 nomen
1254 2859 1347 2935 abest,

574 2972 637 3033 Nee
658 2993 724 3035 mea
743 2993 882 3038 ooneem
898 2981 944 3036 est
964 2976 1031 3036 aliis
1052 2975 1182 3052 torinna,
1202 2993 1257 3034 nee
1277 2974 1349 3034 exul

615 3089 711 3150 Eldioti
733 3091 832 3151 verbis
853 3093 990 3154 nominor
1010 3093 1073 3171 ipse
1094 3092 1148 3152 tni.

1219 3187 1281 3263 (Tr.
1304 3187 1330 3245 V
1351 3187 1513 3260 2.bb-58)

433 3325 469 3385 et
491 3324 615 3387 contra
637 3320 725 3389 alios
747 3341 784 3389 se
807 3321 853 3389 ab
876 3322 1108 3411 ignominioso
1133 3321 1192 3390 illo
1211 3318 1355 3388 nomine
1377 3318 1552 3387 defendit:

692 3445 830 3505 Forsitan
850 3447 983 3507 obioiunt
1002 3447 1188 3524 exiliumque
1209 3443 1292 3504 milri.
1449 3509 1451 3516 ¹

1279 3557 1341 3634 (rr.
1364 3557 1390 3615 v
1413 3558 1513 3630 toxo)

433 3691 504 3760 quo
523 3673 680 3743 convicio
703 3675 878 3756 imprimis
902 3697 990 3746 uxor
1012 3675 1217 3766 petebatur:

593 3799 641 3858 Me
662 3801 812 3878 miserum,
832 3802 858 3861 si
879 3807 922 3880 tn,
943 3821 1010 3863 oum
1032 3801 1139 3861 dieeris
1158 3798 1258 3859 exulis
1278 3815 1365 3873 uxor,

633 3915 754 3976 Avertit
775 3916 877 3977 vultus
897 3924 928 3977 et
947 3918 1029 3979 subit
1049 3937 1102 3998 ore
1122 3916 1228 3977 rubori

1271 4027 1333 4107 (Tr.
1355 4028 1399 4086 lv
1421 4029 1510 4102 als).

442 4155 642 4164 .—

473 4224 503 4296 l)
544 4223 586 4284 ld
619 4225 686 4284 lam.
719 4225 783 4286 Xlll
805 4229 869 4297 s.t;
893 4246 919 4306 p.
942 4227 1000 4289 red.
1024 4228 1058 4289 ad
1081 4229 1114 4299 Q.
1137 4232 1169 4300 7;
1191 4229 1225 4290 ad
1249 4231 1305 4291 lu.
1328 4230 1366 4291 lll
1389 4233 1476 4302 lo.t;
1498 4249 1551 4312 pro

435 4336 507 4398 Sest.
530 4339 597 4408 ΗΒ,
620 4341 668 4416 31,
689 4343 738 4410 ll.
760 4342 819 4401 tto
838 4341 1037 4419 (Drnntann
1060 4343 1083 4402 V
1105 4347 1185 4418 ola).
1208 4345 1301 4406 —ad
1325 4346 1382 4408 All.
1405 4347 1430 4406 ll
1453 4349 1516 4408 lot
