3792 5486
654 1933 948 2044 oAPuT
990 1934 1143 2040 VH.
1202 1879 1206 1886 ’

810 2182 971 2198 mm

500 2343 575 2436 DE
608 2342 840 2438 inicis
874 2344 948 2435 ET
982 2342 1281 2438 INIMICIS.

374 2572 418 2640 Et
456 2573 586 2642 saeculi
623 2595 739 2644 mores
772 2582 808 2642 et
842 2575 997 2643 virorum
1033 2573 1256 2643 condiciones
1290 2573 1449 2642 diversae

330 2695 492 2766 iecerunt
525 2705 565 2766 ut
600 2719 706 2786 quum
744 2700 939 2767 maximum
974 2700 1067 2766 inter
1102 2697 1289 2779 Ciceronis,
1322 2697 1448 2777 Ovidii,

330 2820 483 2890 Senecae
509 2824 641 2892 amicos
661 2824 891 2914 inimicosque
905 2831 996 2892 esset
1009 2823 1209 2892 discrimen.
1229 2821 1391 2891 cicero
1412 2825 1447 2891 in

330 2965 367 3013 re
402 2946 543 3034 publicu
578 2947 688 3015 libere
722 2947 819 3016 nulio
850 2968 887 3016 se
923 2948 1124 3016 inferiorem
1156 2946 1305 3037 putabat
1328 2948 1449 3035 itaque

328 3071 574 3139 tantummodo
598 3091 620 3138 a
643 3071 788 3160 peribus
812 3072 982 3140 auxilium
1007 3073 1209 3160 impetravit
1229 3080 1335 3160 utque
1356 3079 1448 3140 tein-

328 3214 434 3283 quem
472 3194 599 3279 hostes
631 3216 702 3264 non
725 3204 906 3284 tyrannos,
930 3185 1090 3266 inimicos
1114 3217 1197 3265 suos
1220 3197 1308 3280 odit3
1333 3215 1448 3285 neque

329 3319 516 3409 quisquam
554 3320 621 3388 suit
645 3341 750 3408 quem
776 3329 839 3390 aut
862 3321 955 3410 leges
978 3326 1040 3388 aut
1063 3323 1169 3389 unius
1188 3321 1374 3390 arbitrium
1390 3342 1448 3389 ve-

326 3449 420 3512 taret
453 3465 498 3512 ne
532 3445 710 3514 Ciceronis
740 3446 893 3514 amicum
927 3466 963 3514 se
987 3445 1223 3535 profiteretur.
1248 3445 1303 3513 Ab
1326 3445 1448 3514 amicis

327 3576 448 3638 autem
470 3576 661 3658 exspectat,
688 3578 726 3639 ut
750 3572 900 3658 pecunia
924 3591 961 3638 se
984 3571 1107 3639 iuvent
1130 3591 1211 3640 cum
1236 3571 1278 3638 ad
1302 3591 1376 3639 rem
1395 3570 1449 3640 iu·

327 3694 499 3762 mitiorem
535 3694 704 3762 tuendam
739 3700 816 3762 tum
852 3695 895 3762 ad
921 3694 1088 3785 suffragia
1111 3695 1234 3784 populi
1257 3703 1292 3763 et
1314 3695 1448 3784 gladia-

326 3822 443 3887 torum
468 3838 596 3887 manus
618 3818 779 3904 emenda,
803 3818 932 3908 quibus
947 3819 1058 3887 modis
1069 3839 1143 3887 rein
1159 3839 1260 3887 suam
1273 3820 1307 3886 in
1324 3819 1448 3888 melius

326 3941 544 4031 redigerent;
587 3943 764 4013 inclinetis
806 3945 902 4011 enim
938 3945 1092 4033 partium
1129 3944 1255 4012 studiis
1292 3944 1445 4012 reditum

325 4065 418 4135 effici
461 4087 561 4152 posse
604 4068 762 4157 putebat.
798 4068 896 4149 Quae
927 4089 1048 4138 secum
1083 4069 1231 4137 sentiret
1278 4067 1321 4135 de
1357 4068 1447 4136 ami-

325 4210 447 4260 corum
471 4192 507 4260 in
543 4212 579 4260 se
602 4194 732 4276 animo,
757 4213 876 4262 morae
899 4194 1087 4282 impatiens
1109 4199 1145 4260 et
1167 4193 1360 4280 ignominie
1382 4192 1448 4261 sibi

325 4314 423 4385 illato
457 4316 698 4400 exacerbatus
730 4318 766 4384 in
802 4317 961 4412 epistulis
985 4317 1028 4384 ad
1054 4318 1222 4401 Atticum,
1246 4317 1291 4385 ad
1316 4317 1446 4387 Teren-

326 4441 424 4527 tium,
447 4441 490 4510 ad
516 4440 688 4521 Quintum
712 4442 927 4527 enuntiavit3
948 4462 1038 4529 quae
1052 4450 1130 4531 post
1142 4442 1295 4510 reditum
1308 4441 1446 4530 publice
