3792 5486
1013 677 1058 745 84

471 883 701 946 retractatum
738 881 792 943 est
822 882 859 942 et
881 896 902 943 a
925 874 1104 953 Cicerone,
1129 895 1200 963 qua
1224 880 1300 942 erat
1324 873 1506 957 modestia,
1529 874 1589 951 ita,

471 1011 510 1070 ut
546 1023 610 1092 pro
645 1001 798 1089 Diogene
823 1020 860 1068 se
883 1001 958 1088 ipse
981 998 1212 1067 substitueret
1235 997 1376 1086 (Parad.
1400 999 1446 1067 IV
1469 997 1488 1088 ᾗ
1510 997 1587 1081 31ης

472 1125 599 1211 „Potes
629 1131 748 1194 autem
781 1145 857 1194 esse
887 1131 926 1192 tu
951 1123 1080 1209 (Clodi)
1104 1125 1199 1207 civiS,
1224 1129 1369 1212 propter
1392 1144 1497 1212 quem
1524 1124 1589 1191 ali-

469 1250 611 1339 quando
646 1250 769 1319 civitas
803 1271 873 1317 nun
909 1249 1001 1317 luitl
1024 1248 1068 1317 Et
1093 1269 1148 1317 me
1171 1255 1231 1316 tuo
1256 1248 1397 1316 nomine
1421 1248 1587 1336 appellas,

469 1395 550 1444 cum
568 1394 691 1442 omnes
704 1393 781 1442 meo
795 1373 950 1442 discessu
963 1373 1124 1442 exulasse
1137 1393 1210 1441 rem
1225 1372 1401 1460 publicam
1416 1373 1586 1461 putentl”

513 1500 624 1567 ntea
648 1498 971 1588 philosophantium
996 1498 1209 1587 scriptorum
1233 1507 1333 1565 erant
1358 1503 1394 1565 et
1417 1497 1460 1565 de
1489 1497 1587 1567 Cice·

470 1644 553 1692 rone
580 1643 688 1712 supra
713 1623 864 1690 vidimus
889 1623 982 1710 vulgi
1005 1623 1205 1712 opinionem
1230 1629 1315 1692 tunc
1339 1622 1442 1690 aliam
1468 1622 1586 1690 fuisse.

468 1747 559 1816 Sunt
603 1754 722 1814 tamen
758 1746 932 1833 quaedam
971 1746 1099 1815 indicia
1130 1745 1210 1815 lioet
1245 1747 1447 1836 posterioris
1481 1746 1598 1835 paulu

467 1872 592 1939 celatis
615 1891 693 1939 eam
718 1890 859 1959 quoque
884 1875 1055 1938 mutatam
1081 1889 1157 1938 esse
1181 1891 1224 1937 ex
1248 1870 1325 1938 aliis
1348 1891 1455 1958 quam
1473 1872 1585 1960 pbilo-

466 1996 658 2084 sophorum
682 1996 817 2063 castris.
843 1994 1018 2063 luvenalis
1042 1994 1139 2082 (Xlll
1163 1994 1245 2083 247)
1268 1995 1426 2082 loquitur
1448 1997 1491 2064 de
1509 2017 1585 2065 sco·

467 2121 558 2208 pulis
599 2119 845 2211 frequentibus
887 2118 1071 2205 „exulibus
1114 2120 1412 2218 magnis,''·quod
1452 2120 1586 2189 Plinius

467 2244 627 2335 pluribus
651 2245 807 2313 declarat
829 2244 969 2333 (paneg.
993 2242 1070 2332 35):
1084 2243 1286 2327 „Quantum
1301 2245 1584 2314 diversitastem·

468 2390 593 2459 porum
629 2374 743 2458 potest
778 2375 854 2437 tum
894 2369 1045 2436 maxime
1070 2369 1251 2457 cognitum
1276 2375 1340 2453 est,
1365 2390 1446 2438 oum
1471 2369 1581 2436 isdem

465 2494 594 2582 quibus
630 2499 734 2561 antea
769 2493 933 2562 cautibus
963 2493 1272 2561 innocentissimus
1308 2494 1457 2582 quisque
1489 2513 1583 2560 nunc

466 2618 736 2686 nocentissimus
760 2616 975 2706 affigeretur,
999 2637 1152 2706 cumque
1177 2616 1311 2684 insulas
1333 2637 1466 2694 omnes,
1495 2637 1583 2704 quas

466 2743 568 2810 modo
613 2750 827 2820 senatorum,
870 2742 940 2810 iam
984 2741 1182 2810 delatorum
1217 2740 1323 2810 turba
1357 2741 1581 2830 compleret.”

464 2865 601 2946 Quibus
622 2867 832 2935 testimoniis
856 2865 960 2934 fidem
986 2866 1071 2934 lacit
1095 2866 1198 2954 longa
1221 2867 1330 2934 series
1354 2865 1580 2954 expulsorum

462 2988 643 3074 nobilium,
676 3010 828 3078 quorum
865 2991 1009 3059 uomina
1043 2990 1135 3079 apud
1169 2989 1332 3058 Tacitum
1363 2996 1400 3058 et
1436 2990 1579 3058 Dionem

463 3115 613 3204 implent
644 3115 790 3204 paginas
826 3134 940 3204 neque
976 3113 1051 3181 lieri
1087 3120 1200 3202 potest
1224 3114 1309 3202 quin
1335 3119 1387 3182 tot
1409 3114 1581 3202 exempla,

463 3259 613 3326 quorum
639 3259 832 3327 permagna
856 3239 1030 3328 persiam
1056 3237 1101 3306 ad
1125 3238 1303 3324 Caligulae
1324 3245 1580 3327 temporeper-

460 3364 559 3443 tinet,
583 3363 764 3432 effecerint
788 3370 827 3432 ut
850 3363 978 3430 sensim
1003 3370 1229 3431 evanesceret
1252 3364 1452 3451 ignominia.

507 3487 610 3556 Hisce
646 3487 811 3556 omnibus
847 3487 1027 3576 perpensis
1064 3487 1149 3554 mibi
1181 3487 1323 3576 quidem
1357 3486 1472 3556 Ovidii
1496 3507 1580 3555 cou-

461 3611 561 3690 dicio,
586 3611 678 3700 quod
703 3611 746 3678 ad
771 3613 1000 3700 ignominiam
1019 3612 1155 3695 attinet,
1168 3611 1276 3679 fuisse
1290 3612 1428 3679 videtur
1440 3612 1581 3699 gravior

460 3755 566 3820 quam
603 3742 666 3804 aut
688 3735 866 3805 Ciceronis
889 3744 951 3804 aut
976 3735 1140 3818 Senecae,
1167 3737 1297 3825 quippe
1315 3737 1371 3805 eui
1396 3755 1476 3824 spes
1502 3755 1579 3802 rnu-

460 3861 603 3928 tationis
638 3866 729 3928 esset
766 3861 881 3928 minor
914 3879 1021 3948 quam
1058 3859 1217 3929 Ciceroni
1241 3873 1278 3927 et
1302 3861 1465 3948 quamvis
1488 3880 1579 3928 nova

459 3984 534 4072 lege
578 3985 745 4052 damnato
788 3985 972 4052 etiamtum
1010 3985 1207 4072 priscorum
1245 3985 1389 4053 exulum
1426 3983 1579 4052 dedecus

459 4107 709 4197 perferendum
744 4115 846 4191 esset,
877 4108 972 4197 quod
996 4114 1112 4176 aetate
1137 4108 1289 4177 Senecae
1314 4129 1422 4198 prope
1446 4108 1516 4176 iam
1541 4109 1575 4175 in

459 4231 626 4301 honorem
652 4231 748 4300 abiit.

887 4402 1133 4416 ww&
