3792 5486
895 695 961 764 143

361 898 453 985 ignis
487 896 732 964 interdictione
766 895 963 964 vindicavit.
989 895 1144 980 Ovidius,
1170 897 1229 986 qui
1254 896 1329 964 sine
1353 894 1482 963 iudicio

363 1022 539 1112 relegatus
563 1021 640 1104 fuit,
665 1021 812 1088 dubium
836 1041 904 1088 non
929 1027 992 1100 est,
1017 1023 1102 1109 quin
1128 1020 1377 1111 perduellionis
1401 1039 1483 1086 reus

363 1146 438 1216 fieri
463 1147 580 1215 denuo
603 1155 639 1215 et
662 1146 737 1235 lege
761 1145 850 1214 Iulia
876 1145 975 1213 bonis
1001 1147 1130 1234 privari
1157 1147 1336 1235 potuisset.
1362 1143 1459 1233 lpse:

483 1343 560 1412 Quid
584 1343 689 1421 loquor
709 1345 741 1402 a!
764 1342 907 1401 demens?
925 1344 1019 1420 ipsam
1042 1361 1160 1420 quoque
1182 1342 1304 1420 perdere
1327 1343 1428 1409 vitam,

523 1459 659 1518 Caesaris
680 1459 793 1518 offenso
815 1459 946 1534 numine,
968 1458 1078 1535 dignus
1099 1476 1190 1517 eram.

1143 1575 1205 1650 (Tr.
1227 1574 1255 1631 V
1278 1574 1363 1633 10.51
1387 1577 1444 1652 sq.)

367 1735 470 1803 Vides
493 1756 562 1804 non
589 1755 670 1803 eum
696 1734 983 1822 ignorasse‚quid
1010 1735 1131 1823 patri
1153 1735 1202 1801 iili
1224 1735 1414 1822 patriae,
1432 1734 1483 1801 vel

365 1863 440 1929 eius
466 1861 593 1929 vicario
617 1859 766 1942 Tiberio,
793 1858 845 1926 vel
871 1859 1022 1947 denique
1045 1859 1097 1941 iis,
1116 1857 1245 1946 quibus
1272 1859 1484 1937 hiciaveret

365 1986 440 2073 lege
465 1984 627 2055 cornelia
650 1986 686 2052 in
712 2004 748 2051 se
773 1983 960 2052 licuisset.'’

414 2109 591 2178 Hactenus
616 2108 795 2177 Merkel.
821 2107 896 2176 ibin
922 2117 1049 2177 conata
1064 2107 1231 2195 perficere
1246 2128 1313 2174 nan
1329 2108 1484 2196 potuisse

366 2255 447 2303 cum
474 2234 547 2302 ioco
572 2255 593 2302 a
617 2233 836 2301 Merkelio
860 2234 966 2301 citato
990 2232 1063 2320 (Tr.
1077 2232 1123 2301 IV
1135 2231 1226 2316 lidii)
1239 2233 1485 2301 demonstrant

368 2379 507 2426 versus:

485 2528 577 2588 (iuius
598 2528 714 2602 (Cottae
734 2529 786 2601 se)
808 2546 889 2586 ersm
911 2546 1002 2586 censu
1023 2545 1082 2585 non
1106 2545 1151 2584 me
1172 2545 1314 2585 sensurus
1335 2531 1485 2603 egentem,

526 2643 557 2702 Si
579 2644 688 2704 Caesar
709 2645 820 2721 patriae
841 2644 999 2720 eripuisset
1019 2643 1102 2720 opes!

1168 2755 1229 2834 (Tr.
1252 2756 1297 2813 IV
1319 2755 1367 2814 5]
1389 2757 1445 2833 sq.)

486 2875 604 2951 Omnis,
626 2877 649 2935 si
672 2877 775 2946 neseis,
798 2876 909 2935 Caesar
930 2875 1003 2934 mihi
1025 2875 1091 2932 iura
1112 2873 1242 2949 reliquit.

1291 2989 1342 3059 (ib.
1365 2989 1446 3058 9.11)

486 3108 548 3166 Nee
571 3125 635 3165 mea
655 3126 792 3166 concessa
813 3111 858 3166 est
878 3107 946 3166 aliis
967 3107 1096 3165 fortuna.

1228 3221 1290 3292 (Tr.
1312 3219 1340 3276 V
1363 3218 1444 3294 257)

477 3340 563 3410 Nam,
585 3339 663 3417 quod
686 3357 756 3416 opes
778 3345 879 3397 teneat
902 3340 1023 3416 patrias,
1047 3337 1125 3416 quod
1151 3337 1272 3396 nomina
1293 3335 1376 3404 ciris,

519 3457 654 3533 Denique
674 3454 753 3531 quod
778 3456 869 3524 rivet,
893 3473 1001 3513 munus
1023 3453 1133 3512 habere
1155 3452 1212 3510 dei.

1220 3567 1272 3644 (ib.
1295 3568 1361 3626 421
1386 3565 1443 3643 eq.)

478 3688 540 3746 Nee
563 3688 654 3746 vitam
676 3705 730 3745 nee
751 3704 822 3764 opes
844 3704 897 3744 nee
920 3685 966 3743 ius
990 3685 1062 3742 mihi
1085 3685 1159 3742 civis
1181 3682 1301 3741 ademit.

1270 3799 1320 3872 (ib.
1345 3797 1444 3868 ll.l5)

521 3918 577 3987 Qui
600 3925 716 3977 nostras
738 3919 840 3994 inopes
863 3915 959 3974 noluit
980 3933 1044 3974 esse
1070 3915 1141 3974 rias,

1297 4029 1371 4101 (Ibis
1393 4027 1444 4105 24)

363 4151 475 4210 Addita
495 4155 525 4225 (a
545 4151 636 4209 Sexto
657 4149 809 4226 Pompeio)
832 4153 986 4225 prseteres
1009 4148 1087 4205 vitae
1109 4163 1228 4222 quoque
1248 4144 1342 4202 mults
1355 4143 1485 4202 tuendae

524 4267 659 4335 Munera,
681 4283 718 4323 ne
740 4265 874 4342 proprias
895 4268 1066 4322 attenuaret
1088 4279 1166 4339 opes.

1107 4381 1157 4451 (ex
1179 4377 1212 4434 P.
1234 4375 1278 4433 IV
1300 4376 1367 4434 537
1390 4374 1446 4452 sq.)
