3792 5486
838 719 897 789 l3l

308 919 442 987 moneri
486 918 600 987 bonus
642 917 792 1006 gaudet:
839 919 1012 1007 pessimus
1058 918 1208 1007 quisque
1255 923 1427 986 rectorem

308 1044 502 1132 asperrime
537 1042 692 1132 patitur''
717 1040 811 1128 (36.3
833 1045 909 1132 sq.).
935 1041 1036 1111 Clare
1060 1041 1225 1109 audimus
1249 1041 1427 1116 hominem

308 1187 344 1234 se
370 1169 483 1256 ipsum
513 1168 771 1256 vituperantem
796 1166 889 1254 quod
914 1166 1082 1235 feminam
1108 1166 1331 1234 incultiorem
1347 1167 1427 1234 ¹for·

308 1297 400 1360 tasse
423 1291 550 1360 durius
572 1291 797 1380 castigaverit
819 1311 934 1380 neque
957 1292 1043 1359 satis
1066 1311 1103 1359 se
1127 1292 1342 1381 praestiterit
1365 1312 1428 1381 pa-

308 1418 463 1485 tientem.
500 1416 679 1486 Confessio
698 1416 759 1483 illa
782 1421 817 1483 et
840 1435 1006 1504 expressa
1030 1416 1246 1504 paenitentia
1269 1435 1311 1483 ea
1334 1422 1427 1496 sunt,

308 1542 437 1632 quibus
472 1540 598 1610 melius
632 1541 766 1610 Seneca
796 1561 953 1610 amorem
989 1546 1150 1609 nostrum
1175 1540 1241 1608 sibi
1265 1541 1428 1616 conciliet

307 1685 413 1754 quam
439 1666 736 1756 disputationibus
760 1667 833 1735 suis
856 1665 1115 1755 philosophicis.
1149 1664 1214 1734 Hic
1237 1665 1331 1732 enim
1365 1664 1428 1733 ho-

308 1791 449 1874 minem,
470 1811 540 1860 non
565 1790 743 1859 rhetorem
767 1797 830 1860 aut
853 1790 1059 1880 sapientem,
1083 1808 1223 1877 semper
1246 1827 1290 1838 -
1313 1790 1341 1857 si
1361 1789 1426 1878 ipsi

309 1915 395 1983 fides
418 1955 462 1965 —
486 1915 551 1984 sibi
576 1923 807 1998 constantem,
832 1915 1076 2004 cognoscimus
1100 1913 1166 2000 (of.
1190 1913 1364 1982 Gercke
1393 1935 1426 2003 p.

306 2039 399 2128 288).
437 2039 598 2110 Mollities
633 2048 751 2109 tamen
788 2039 848 2108 illa
882 2060 951 2108 non
976 2039 1099 2107 eadem
1125 2039 1326 2128 permansit.
1360 2038 1425 2107 Ubi

308 2171 428 2254 postea
459 2164 503 2232 de
526 2165 645 2251 aliqua
668 2185 706 2233 re
730 2185 821 2254 quae
845 2163 888 2233 ad
915 2165 1066 2254 priorem
1093 2183 1237 2232 uxorem
1263 2164 1425 2251 pertinet,

307 2279 1423 2377 loquitur-quodsemeltantummodofacil—longediversus

307 2432 422 2482 sermo
445 2421 516 2482 est:
541 2413 772 2504 „Harpastem
798 2413 917 2482 uxoris
941 2432 1039 2481 meae
1062 2413 1209 2495 fatuam,
1233 2413 1301 2482 scis
1322 2412 1423 2480 here·

307 2537 472 2605 ditarium
498 2559 588 2607 onus
610 2540 646 2606 in
667 2538 771 2607 domo
786 2558 864 2607 mea
877 2537 1107 2605 remansisse''
1120 2536 1190 2626 (ep.
1203 2535 1307 2625 502).
1329 2536 1424 2605 Licet

306 2660 409 2729 exilia
443 2682 485 2729 ea
515 2663 595 2746 sint,
621 2665 686 2732 hoc
709 2669 804 2731 certe
828 2668 965 2731 constat
988 2683 1031 2730 ex
1054 2661 1100 2730 l.l.
1125 2662 1184 2750 (ue
1208 2661 1265 2730 Ira
1288 2661 1335 2730 ΙΙΙ
1362 2663 1422 2750 36)

308 2784 397 2854 hanc
421 2785 590 2855 laminam
614 2787 767 2857 Senecae
791 2788 906 2877 patria
928 2789 1063 2857 carenti
1088 2786 1301 2877 praesidium
1330 2788 1423 2856 sola·

305 2911 465 3001 tiumque
486 2932 553 2980 non
580 2912 697 2981 luisse.
719 2952 763 2962 -

350 3034 497 3103 Familia
542 3036 701 3105 Romana
746 3057 902 3106 servos
948 3057 1089 3126 quoque
1123 3036 1420 3125 amplectebatur3

307 3159 360 3226 his
392 3160 501 3248 igitur
534 3160 664 3229 addere
697 3159 811 3244 liceat,
846 3181 937 3250 quae.
972 3161 1015 3229 de
1049 3160 1193 3229 exulum
1219 3169 1420 3230 nostrorum

305 3284 415 3352 servis
438 3291 522 3354 nota
544 3285 645 3355 nobis
668 3292 762 3354 sunt.
787 3307 789 3310 ·

349 3407 451 3477 Exilii
474 3410 693 3497 temporibus
716 3432 737 3479 a
760 3410 979 3481 Cicerone
1005 3412 1040 3480 hi
1052 3412 1219 3480 autservi
1231 3417 1294 3479 aut
1306 3409 1421 3480 liberti

305 3539 647 3603 commemorantur:
664 3535 806 3604 Clodius
820 3535 1049 3619 Philetaerus
1063 3536 1167 3604 homo
1181 3535 1302 3618 fidelis,
1315 3555 1421 3623 quem

306 3658 421 3746 „quod
469 3658 668 3726 valetudine
713 3659 896 3728 oculorum
942 3659 1233 3749 impediebatur‚''
1271 3658 1421 3741 remisit;

305 3781 501 3869 Sallustius,
536 3784 597 3872 qui
632 3783 769 3866 „officio
795 3785 902 3853 vincit
926 3786 1088 3868 omnes”;
1116 3783 1336 3864 Pescennius
1361 3783 1421 3870 qui

305 3913 380 3990 „est
404 3907 658 3996 perbenevolus
681 3908 792 3993 nobis,
817 3930 923 3999 quem
943 3930 1084 3999 semper
1095 3928 1197 3998 spero
1209 3908 1261 3976 tui
1274 3906 1421 3995 (Tereu-

304 4031 390 4119 tiae)
424 4030 500 4100 fore
530 4030 799 4101 observantem'
824 4032 884 4117 (ad
907 4032 933 4102 f.
959 4032 1039 4101 XIV
1062 4032 1151 4121 l.6);
1177 4033 1268 4100 inter
1292 4031 1422 4099 lidelis·

304 4156 411 4225 simos
445 4156 560 4223 etiam·
587 4156 816 4226 Aristocritus
850 4163 885 4225 et
916 4157 1092 4247 Dexippus
1116 4156 1223 4225 luisse
1246 4155 1420 4238 videntur,

306 4299 368 4368 per
391 4300 480 4368 quos
502 4279 667 4350 Terentia
692 4281 850 4351 Ciceroni
874 4290 910 4350 et
922 4282 1043 4352 Cicero
1055 4281 1240 4351 Terentiae
1253 4280 1422 4371 epistulas

306 4403 468 4472 mittebat
514 4405 573 4490 (ad
610 4405 633 4473 l.
668 4406 748 4475 XIV
783 4405 919 4492 alal)
954 4412 989 4475 et
1023 4406 1187 4496 Orpheus
1220 4411 1266 4492 (v.
1301 4404 1420 4488 inira).
