<?xml version="1.0" encoding="UTF-8"?>
<!DOCTYPE html PUBLIC "-//W3C//DTD XHTML 1.0 Transitional//EN"
    "http://www.w3.org/TR/xhtml1/DTD/xhtml1-transitional.dtd">
<html xmlns="http://www.w3.org/1999/xhtml" xml:lang="en" lang="en">
 <head>
  <title>
</title>
<meta http-equiv="Content-Type" content="text/html;charset=utf-8" />
  <meta name='ocr-system' content='tesseract 3.04.00' />
  <meta name='ocr-capabilities' content='ocr_page ocr_carea ocr_par ocr_line ocrx_word'/>
</head>
<body>
  <div class='ocr_page' id='page_1' title='image "./exulumtriassive00leopgoog_0143.png"; bbox 0 0 3792 5486; ppageno 0'>
   <div class='ocr_carea' id='block_1_1' title="bbox 999 709 1065 778">
    <p class='ocr_par' dir='ltr' id='par_1_1' title="bbox 999 709 1065 778">
     <span class='ocr_line' id='line_1_1' title="bbox 999 709 1065 778; baseline 0.015 -1"><span class='ocrx_word' id='word_1_1' title='bbox 999 709 1065 778; x_wconf 84' lang='lat'>130</span> 
     </span>
    </p>
   </div>
   <div class='ocr_carea' id='block_1_2' title="bbox 456 905 1609 4481">
    <p class='ocr_par' dir='ltr' id='par_1_2' title="bbox 456 905 1609 4481">
     <span class='ocr_line' id='line_1_2' title="bbox 469 905 1587 995; baseline 0.002 -21"><span class='ocrx_word' id='word_1_2' title='bbox 469 905 589 990; x_wconf 80' lang='lat' dir='ltr'>„Intra</span> <span class='ocrx_word' id='word_1_3' title='bbox 613 907 816 976; x_wconf 83' lang='lat' dir='ltr'>vicesimum</span> <span class='ocrx_word' id='word_1_4' title='bbox 841 907 946 990; x_wconf 81' lang='lat' dir='ltr'>diem,</span> <span class='ocrx_word' id='word_1_5' title='bbox 971 926 1078 995; x_wconf 90' lang='lat' dir='ltr'>quam</span> <span class='ocrx_word' id='word_1_6' title='bbox 1103 906 1215 976; x_wconf 88' lang='lat' dir='ltr'>filium</span> <span class='ocrx_word' id='word_1_7' title='bbox 1241 929 1358 976; x_wconf 89' lang='lat' dir='ltr'>meum</span> <span class='ocrx_word' id='word_1_8' title='bbox 1373 909 1407 975; x_wconf 91' lang='lat' dir='ltr'>in</span> <span class='ocrx_word' id='word_1_9' title='bbox 1424 909 1587 977; x_wconf 88' lang='lat' dir='ltr'>manibus</span> 
     </span>
     <span class='ocr_line' id='line_1_3' title="bbox 468 1032 1585 1121; baseline 0 -21"><span class='ocrx_word' id='word_1_10' title='bbox 468 1038 504 1100; x_wconf 84' lang='lat' dir='ltr'>et</span> <span class='ocrx_word' id='word_1_11' title='bbox 527 1032 654 1101; x_wconf 91' lang='lat' dir='ltr'>osculis</span> <span class='ocrx_word' id='word_1_12' title='bbox 677 1032 748 1099; x_wconf 84' lang='lat' dir='ltr'>tuis</span> <span class='ocrx_word' id='word_1_13' title='bbox 761 1037 940 1099; x_wconf 85' lang='lat' dir='ltr'>mortuum</span> <span class='ocrx_word' id='word_1_14' title='bbox 954 1032 1196 1116; x_wconf 82' lang='lat' dir='ltr'>funerarems,</span> <span class='ocrx_word' id='word_1_15' title='bbox 1209 1040 1350 1121; x_wconf 82' lang='lat' dir='ltr'>raptum</span> <span class='ocrx_word' id='word_1_16' title='bbox 1366 1053 1421 1100; x_wconf 89' lang='lat' dir='ltr'>me</span> <span class='ocrx_word' id='word_1_17' title='bbox 1433 1032 1585 1100; x_wconf 76' lang='lat' dir='ltr'>audisti’</span> 
     </span>
     <span class='ocr_line' id='line_1_4' title="bbox 467 1155 1584 1246; baseline -0.002 -20"><span class='ocrx_word' id='word_1_18' title='bbox 467 1158 527 1246; x_wconf 86' lang='lat' dir='ltr'>(ad</span> <span class='ocrx_word' id='word_1_19' title='bbox 552 1157 665 1224; x_wconf 49' lang='lat' dir='ltr'>Hsm.</span> <span class='ocrx_word' id='word_1_20' title='bbox 689 1155 778 1244; x_wconf 78' lang='lat' dir='ltr'>a.5);</span> <span class='ocrx_word' id='word_1_21' title='bbox 802 1156 902 1239; x_wconf 86' lang='lat' dir='ltr'>alter,</span> <span class='ocrx_word' id='word_1_22' title='bbox 926 1157 1145 1227; x_wconf 84' lang='lat' dir='ltr'>educationis</span> <span class='ocrx_word' id='word_1_23' title='bbox 1169 1155 1318 1224; x_wconf 81' lang='lat' dir='ltr'>sortasse</span> <span class='ocrx_word' id='word_1_24' title='bbox 1341 1157 1465 1245; x_wconf 85' lang='lat' dir='ltr'>gratia,</span> <span class='ocrx_word' id='word_1_25' title='bbox 1490 1156 1584 1245; x_wconf 88' lang='lat' dir='ltr'>apud</span> 
     </span>
     <span class='ocr_line' id='line_1_5' title="bbox 467 1280 1583 1371; baseline -0.002 -21"><span class='ocrx_word' id='word_1_26' title='bbox 467 1282 581 1350; x_wconf 86' lang='lat' dir='ltr'>aviam</span> <span class='ocrx_word' id='word_1_27' title='bbox 607 1282 792 1349; x_wconf 85' lang='lat' dir='ltr'><strong>remansit:</strong></span> <span class='ocrx_word' id='word_1_28' title='bbox 818 1281 985 1371; x_wconf 84' lang='lat' dir='ltr'>„Respice</span> <span class='ocrx_word' id='word_1_29' title='bbox 1009 1281 1086 1369; x_wconf 90' lang='lat' dir='ltr'>(ad)</span> <span class='ocrx_word' id='word_1_30' title='bbox 1121 1281 1280 1350; x_wconf 88' lang='lat' dir='ltr'>Marcum</span> <span class='ocrx_word' id='word_1_31' title='bbox 1317 1280 1583 1349; x_wconf 88' lang='lat' dir='ltr'>blandissimum</span> 
     </span>
     <span class='ocr_line' id='line_1_6' title="bbox 468 1405 1584 1496; baseline -0.002 -22"><span class='ocrx_word' id='word_1_32' title='bbox 468 1426 629 1495; x_wconf 87' lang='lat' dir='ltr'>puerum,</span> <span class='ocrx_word' id='word_1_33' title='bbox 653 1405 696 1474; x_wconf 89' lang='lat' dir='ltr'>ad</span> <span class='ocrx_word' id='word_1_34' title='bbox 722 1407 823 1475; x_wconf 91' lang='lat' dir='ltr'>cuius</span> <span class='ocrx_word' id='word_1_35' title='bbox 847 1414 1075 1494; x_wconf 83' lang='lat' dir='ltr'>conspectum</span> <span class='ocrx_word' id='word_1_36' title='bbox 1091 1405 1187 1475; x_wconf 83' lang='lat' dir='ltr'>nulla</span> <span class='ocrx_word' id='word_1_37' title='bbox 1202 1412 1315 1496; x_wconf 83' lang='lat' dir='ltr'>potest</span> <span class='ocrx_word' id='word_1_38' title='bbox 1327 1406 1457 1474; x_wconf 89' lang='lat' dir='ltr'>durare</span> <span class='ocrx_word' id='word_1_39' title='bbox 1473 1407 1584 1473; x_wconf 81' lang='lat' dir='ltr'>tristi·</span> 
     </span>
     <span class='ocr_line' id='line_1_7' title="bbox 463 1529 1584 1619; baseline -0.001 -21"><span class='ocrx_word' id='word_1_40' title='bbox 463 1531 515 1598; x_wconf 81' lang='lat' dir='ltr'>tia</span> <span class='ocrx_word' id='word_1_41' title='bbox 556 1531 673 1619; x_wconf 83' lang='lat' dir='ltr'>e.qs.”</span> <span class='ocrx_word' id='word_1_42' title='bbox 718 1530 780 1618; x_wconf 90' lang='lat' dir='ltr'>(ib.</span> <span class='ocrx_word' id='word_1_43' title='bbox 818 1529 985 1618; x_wconf 70' lang='lat' dir='ltr'>iad-6).</span> <span class='ocrx_word' id='word_1_44' title='bbox 1022 1531 1167 1599; x_wconf 79' lang='lat' dir='ltr'>Praeter</span> <span class='ocrx_word' id='word_1_45' title='bbox 1201 1531 1300 1599; x_wconf 92' lang='lat' dir='ltr'>illum</span> <span class='ocrx_word' id='word_1_46' title='bbox 1336 1530 1478 1598; x_wconf 89' lang='lat' dir='ltr'>Helviae</span> <span class='ocrx_word' id='word_1_47' title='bbox 1514 1529 1584 1597; x_wconf 89' lang='lat' dir='ltr'>filio</span> 
     </span>
     <span class='ocr_line' id='line_1_8' title="bbox 464 1654 1583 1736; baseline 0.001 -14"><span class='ocrx_word' id='word_1_48' title='bbox 464 1661 608 1723; x_wconf 83' lang='lat' dir='ltr'>auctore</span> <span class='ocrx_word' id='word_1_49' title='bbox 643 1655 766 1724; x_wconf 81' lang='lat' dir='ltr'>solatia</span> <span class='ocrx_word' id='word_1_50' title='bbox 789 1663 892 1724; x_wconf 90' lang='lat' dir='ltr'>erant</span> <span class='ocrx_word' id='word_1_51' title='bbox 918 1657 1047 1724; x_wconf 85' lang='lat' dir='ltr'>fratres</span> <span class='ocrx_word' id='word_1_52' title='bbox 1071 1655 1169 1725; x_wconf 90' lang='lat' dir='ltr'>Lucii</span> <span class='ocrx_word' id='word_1_53' title='bbox 1193 1676 1274 1724; x_wconf 92' lang='lat' dir='ltr'>cum</span> <span class='ocrx_word' id='word_1_54' title='bbox 1300 1655 1380 1724; x_wconf 88' lang='lat' dir='ltr'>filiis</span> <span class='ocrx_word' id='word_1_55' title='bbox 1405 1655 1487 1736; x_wconf 85' lang='lat' dir='ltr'>suis,</span> <span class='ocrx_word' id='word_1_56' title='bbox 1512 1654 1583 1723; x_wconf 93' lang='lat' dir='ltr'>No-</span> 
     </span>
     <span class='ocr_line' id='line_1_9' title="bbox 466 1778 1582 1870; baseline -0.001 -23"><span class='ocrx_word' id='word_1_57' title='bbox 466 1780 593 1860; x_wconf 86' lang='lat' dir='ltr'>vatilla‚</span> <span class='ocrx_word' id='word_1_58' title='bbox 616 1781 732 1868; x_wconf 73' lang='lat' dir='ltr'>neptis</span> <span class='ocrx_word' id='word_1_59' title='bbox 756 1780 864 1865; x_wconf 89' lang='lat' dir='ltr'>Lucii,</span> <span class='ocrx_word' id='word_1_60' title='bbox 888 1781 947 1849; x_wconf 85' lang='lat' dir='ltr'>sed</span> <span class='ocrx_word' id='word_1_61' title='bbox 974 1801 1080 1870; x_wconf 90' lang='lat' dir='ltr'>quam</span> <span class='ocrx_word' id='word_1_62' title='bbox 1107 1780 1198 1849; x_wconf 89' lang='lat' dir='ltr'>filiae</span> <span class='ocrx_word' id='word_1_63' title='bbox 1217 1780 1378 1849; x_wconf 81' lang='lat' dir='ltr'>iereloco</span> <span class='ocrx_word' id='word_1_64' title='bbox 1392 1778 1582 1861; x_wconf 56' lang='lat' dir='ltr'>habueram</span> 
     </span>
     <span class='ocr_line' id='line_1_10' title="bbox 463 1903 1582 1974; baseline -0.002 -2"><span class='ocrx_word' id='word_1_65' title='bbox 463 1925 645 1973; x_wconf 83' lang='lat' dir='ltr'>uxorem</span> <span class='ocrx_word' id='word_1_66' title='bbox 672 1925 754 1974; x_wconf 90' lang='lat' dir='ltr'>vero</span> <span class='ocrx_word' id='word_1_67' title='bbox 778 1925 821 1972; x_wconf 83' lang='lat' dir='ltr'>ex</span> <span class='ocrx_word' id='word_1_68' title='bbox 844 1910 920 1973; x_wconf 81' lang='lat' dir='ltr'>tota</span> <span class='ocrx_word' id='word_1_69' title='bbox 943 1925 1007 1974; x_wconf 88' lang='lat' dir='ltr'>sua</span> <span class='ocrx_word' id='word_1_70' title='bbox 1030 1905 1164 1974; x_wconf 88' lang='lat' dir='ltr'>familia</span> <span class='ocrx_word' id='word_1_71' title='bbox 1182 1904 1291 1973; x_wconf 88' lang='lat' dir='ltr'>solam</span> <span class='ocrx_word' id='word_1_72' title='bbox 1305 1925 1374 1972; x_wconf 92' lang='lat' dir='ltr'>non</span> <span class='ocrx_word' id='word_1_73' title='bbox 1390 1905 1457 1971; x_wconf 89' lang='lat' dir='ltr'>uisi</span> <span class='ocrx_word' id='word_1_74' title='bbox 1469 1903 1582 1972; x_wconf 78' lang='lat' dir='ltr'>obiter</span> 
     </span>
     <span class='ocr_line' id='line_1_11' title="bbox 462 2028 1582 2118; baseline 0.001 -22"><span class='ocrx_word' id='word_1_75' title='bbox 462 2029 603 2097; x_wconf 90' lang='lat' dir='ltr'>nomine</span> <span class='ocrx_word' id='word_1_76' title='bbox 628 2049 698 2097; x_wconf 90' lang='lat' dir='ltr'>non</span> <span class='ocrx_word' id='word_1_77' title='bbox 722 2029 814 2098; x_wconf 87' lang='lat' dir='ltr'>dicto</span> <span class='ocrx_word' id='word_1_78' title='bbox 840 2036 1023 2113; x_wconf 86' lang='lat' dir='ltr'>memorat,</span> <span class='ocrx_word' id='word_1_79' title='bbox 1049 2036 1087 2098; x_wconf 91' lang='lat' dir='ltr'>ut</span> <span class='ocrx_word' id='word_1_80' title='bbox 1112 2038 1261 2097; x_wconf 84' lang='lat' dir='ltr'>matrem</span> <span class='ocrx_word' id='word_1_81' title='bbox 1276 2028 1582 2118; x_wconf 67' lang='lat' dir='ltr'>Marcicuiquic·</span> 
     </span>
     <span class='ocr_line' id='line_1_12' title="bbox 462 2151 1580 2240; baseline -0.001 -19"><span class='ocrx_word' id='word_1_82' title='bbox 462 2153 547 2240; x_wconf 89' lang='lat' dir='ltr'>quid</span> <span class='ocrx_word' id='word_1_83' title='bbox 578 2153 767 2222; x_wconf 89' lang='lat' dir='ltr'>dolendum</span> <span class='ocrx_word' id='word_1_84' title='bbox 798 2154 876 2238; x_wconf 84' lang='lat' dir='ltr'>fuit,</span> <span class='ocrx_word' id='word_1_85' title='bbox 899 2155 935 2221; x_wconf 95' lang='lat' dir='ltr'>in</span> <span class='ocrx_word' id='word_1_86' title='bbox 960 2174 996 2221; x_wconf 92' lang='lat' dir='ltr'>se</span> <span class='ocrx_word' id='word_1_87' title='bbox 1021 2153 1171 2222; x_wconf 82' lang='lat' dir='ltr'>transire</span> <span class='ocrx_word' id='word_1_88' title='bbox 1197 2152 1281 2236; x_wconf 83' lang='lat' dir='ltr'>vult,</span> <span class='ocrx_word' id='word_1_89' title='bbox 1307 2158 1346 2220; x_wconf 86' lang='lat' dir='ltr'>ut</span> <span class='ocrx_word' id='word_1_90' title='bbox 1368 2153 1443 2240; x_wconf 88' lang='lat' dir='ltr'>ipse</span> <span class='ocrx_word' id='word_1_91' title='bbox 1466 2151 1580 2220; x_wconf 90' lang='lat' dir='ltr'>solum</span> 
     </span>
     <span class='ocr_line' id='line_1_13' title="bbox 464 2276 1579 2367; baseline -0.002 -23"><span class='ocrx_word' id='word_1_92' title='bbox 464 2276 591 2345; x_wconf 87' lang='lat' dir='ltr'>domus</span> <span class='ocrx_word' id='word_1_93' title='bbox 614 2279 833 2367; x_wconf 85' lang='lat' dir='ltr'><strong>piamentum</strong></span> <span class='ocrx_word' id='word_1_94' title='bbox 858 2279 914 2346; x_wconf 88' lang='lat' dir='ltr'>sit.</span> <span class='ocrx_word' id='word_1_95' title='bbox 938 2277 1036 2358; x_wconf 84' lang='lat' dir='ltr'>Quae</span> <span class='ocrx_word' id='word_1_96' title='bbox 1061 2277 1168 2345; x_wconf 89' lang='lat' dir='ltr'>verba</span> <span class='ocrx_word' id='word_1_97' title='bbox 1191 2277 1226 2346; x_wconf 79' lang='lat' dir='ltr'>et</span> <span class='ocrx_word' id='word_1_98' title='bbox 1246 2276 1491 2344; x_wconf 74' lang='lat' dir='ltr'>demonstrant</span> <span class='ocrx_word' id='word_1_99' title='bbox 1501 2295 1579 2343; x_wconf 86' lang='lat' dir='ltr'>eam</span> 
     </span>
     <span class='ocr_line' id='line_1_14' title="bbox 462 2399 1579 2492; baseline 0 -25"><span class='ocrx_word' id='word_1_100' title='bbox 462 2420 577 2487; x_wconf 90' lang='lat' dir='ltr'>neque</span> <span class='ocrx_word' id='word_1_101' title='bbox 613 2410 790 2469; x_wconf 82' lang='lat' dir='ltr'>mortuam</span> <span class='ocrx_word' id='word_1_102' title='bbox 818 2421 933 2492; x_wconf 89' lang='lat' dir='ltr'>neque</span> <span class='ocrx_word' id='word_1_103' title='bbox 956 2401 1113 2486; x_wconf 79' lang='lat' dir='ltr'>infidam,</span> <span class='ocrx_word' id='word_1_104' title='bbox 1139 2403 1175 2471; x_wconf 77' lang='lat' dir='ltr'>et</span> <span class='ocrx_word' id='word_1_105' title='bbox 1197 2441 1239 2451; x_wconf 95' lang='lat'>-</span> <span class='ocrx_word' id='word_1_106' title='bbox 1264 2399 1358 2491; x_wconf 90' lang='lat' dir='ltr'>quod</span> <span class='ocrx_word' id='word_1_107' title='bbox 1383 2400 1486 2489; x_wconf 88' lang='lat' dir='ltr'>plura</span> <span class='ocrx_word' id='word_1_108' title='bbox 1509 2419 1579 2467; x_wconf 90' lang='lat' dir='ltr'>non</span> 
     </span>
     <span class='ocr_line' id='line_1_15' title="bbox 461 2524 1578 2614; baseline 0 -24"><span class='ocrx_word' id='word_1_109' title='bbox 461 2531 544 2592; x_wconf 87' lang='lat' dir='ltr'>sunt</span> <span class='ocrx_word' id='word_1_110' title='bbox 569 2563 607 2572; x_wconf 92' lang='lat'>—</span> <span class='ocrx_word' id='word_1_111' title='bbox 635 2544 704 2592; x_wconf 93' lang='lat' dir='ltr'>non</span> <span class='ocrx_word' id='word_1_112' title='bbox 732 2525 831 2594; x_wconf 88' lang='lat' dir='ltr'>valde</span> <span class='ocrx_word' id='word_1_113' title='bbox 854 2548 974 2596; x_wconf 87' lang='lat' dir='ltr'>caram</span> <span class='ocrx_word' id='word_1_114' title='bbox 994 2527 1102 2595; x_wconf 87' lang='lat' dir='ltr'>fuisse</span> <span class='ocrx_word' id='word_1_115' title='bbox 1117 2527 1253 2594; x_wconf 86' lang='lat' dir='ltr'>marito.</span> <span class='ocrx_word' id='word_1_116' title='bbox 1269 2524 1367 2593; x_wconf 89' lang='lat' dir='ltr'>Hanc</span> <span class='ocrx_word' id='word_1_117' title='bbox 1379 2525 1578 2614; x_wconf 89' lang='lat' dir='ltr'>opinionem</span> 
     </span>
     <span class='ocr_line' id='line_1_16' title="bbox 460 2648 1580 2738; baseline 0.001 -24"><span class='ocrx_word' id='word_1_118' title='bbox 460 2648 673 2716; x_wconf 85' lang='lat' dir='ltr'>coniirmant</span> <span class='ocrx_word' id='word_1_119' title='bbox 706 2648 766 2717; x_wconf 89' lang='lat' dir='ltr'>alii</span> <span class='ocrx_word' id='word_1_120' title='bbox 796 2649 863 2718; x_wconf 91' lang='lat' dir='ltr'>loci</span> <span class='ocrx_word' id='word_1_121' title='bbox 894 2650 975 2734; x_wconf 80' lang='lat' dir='ltr'>duo,</span> <span class='ocrx_word' id='word_1_122' title='bbox 999 2655 1060 2738; x_wconf 93' lang='lat' dir='ltr'>qui</span> <span class='ocrx_word' id='word_1_123' title='bbox 1085 2652 1128 2718; x_wconf 88' lang='lat' dir='ltr'>de</span> <span class='ocrx_word' id='word_1_124' title='bbox 1154 2671 1260 2718; x_wconf 85' lang='lat' dir='ltr'>uxore</span> <span class='ocrx_word' id='word_1_125' title='bbox 1285 2649 1439 2718; x_wconf 81' lang='lat' dir='ltr'>Senecae</span> <span class='ocrx_word' id='word_1_126' title='bbox 1463 2649 1580 2737; x_wconf 90' lang='lat' dir='ltr'>priore</span> 
     </span>
     <span class='ocr_line' id='line_1_17' title="bbox 460 2771 1576 2865; baseline 0.002 -27"><span class='ocrx_word' id='word_1_127' title='bbox 460 2771 591 2861; x_wconf 89' lang='lat' dir='ltr'>aliquid</span> <span class='ocrx_word' id='word_1_128' title='bbox 616 2773 717 2840; x_wconf 88' lang='lat' dir='ltr'>nobis</span> <span class='ocrx_word' id='word_1_129' title='bbox 740 2773 895 2842; x_wconf 85' lang='lat' dir='ltr'>tradunt.</span> <span class='ocrx_word' id='word_1_130' title='bbox 923 2774 970 2842; x_wconf 89' lang='lat' dir='ltr'>De</span> <span class='ocrx_word' id='word_1_131' title='bbox 995 2775 1051 2844; x_wconf 86' lang='lat' dir='ltr'>Ira</span> <span class='ocrx_word' id='word_1_132' title='bbox 1074 2776 1133 2859; x_wconf 90' lang='grc' dir='ltr'>ΙΙΙ,</span> <span class='ocrx_word' id='word_1_133' title='bbox 1156 2775 1218 2865; x_wconf 92' lang='lat' dir='ltr'>qui</span> <span class='ocrx_word' id='word_1_134' title='bbox 1232 2773 1370 2842; x_wconf 85' lang='lat' dir='ltr'>libellus</span> <span class='ocrx_word' id='word_1_135' title='bbox 1382 2772 1576 2842; x_wconf 87' lang='lat' dir='ltr'>secundum</span> 
     </span>
     <span class='ocr_line' id='line_1_18' title="bbox 460 2895 1579 2991; baseline 0.001 -28"><span class='ocrx_word' id='word_1_136' title='bbox 460 2895 700 2965; x_wconf 85' lang='lat' dir='ltr'>Gerckium</span> <span class='ocrx_word' id='word_1_137' title='bbox 726 2898 1042 2984; x_wconf 83' lang='lat' dir='ltr'>(Seneca-Studien</span> <span class='ocrx_word' id='word_1_138' title='bbox 1070 2922 1102 2991; x_wconf 83' lang='lat' dir='ltr'>p.</span> <span class='ocrx_word' id='word_1_139' title='bbox 1126 2898 1192 2968; x_wconf 69' lang='lat'>‘287</span> <span class='ocrx_word' id='word_1_140' title='bbox 1216 2899 1284 2989; x_wconf 86' lang='lat' dir='ltr'>sq.)</span> <span class='ocrx_word' id='word_1_141' title='bbox 1307 2895 1579 2966; x_wconf 75' lang='lat' dir='ltr'>interannosdd</span> 
     </span>
     <span class='ocr_line' id='line_1_19' title="bbox 459 3017 1578 3111; baseline 0 -23"><span class='ocrx_word' id='word_1_142' title='bbox 459 3028 494 3088; x_wconf 84' lang='lat' dir='ltr'>et</span> <span class='ocrx_word' id='word_1_143' title='bbox 527 3019 572 3089; x_wconf 77' lang='lat'>48</span> <span class='ocrx_word' id='word_1_144' title='bbox 595 3023 747 3111; x_wconf 87' lang='lat' dir='ltr'>scriptus</span> <span class='ocrx_word' id='word_1_145' title='bbox 770 3029 833 3103; x_wconf 78' lang='lat' dir='ltr'>est,</span> <span class='ocrx_word' id='word_1_146' title='bbox 860 3044 1004 3092; x_wconf 87' lang='lat' dir='ltr'>uxorem</span> <span class='ocrx_word' id='word_1_147' title='bbox 1021 3017 1207 3093; x_wconf 86' lang='lat' dir='ltr'>&#39;mortuam</span> <span class='ocrx_word' id='word_1_148' title='bbox 1233 3023 1287 3090; x_wconf 91' lang='lat' dir='ltr'>his</span> <span class='ocrx_word' id='word_1_149' title='bbox 1314 3021 1426 3089; x_wconf 86' lang='lat' dir='ltr'>verbis</span> <span class='ocrx_word' id='word_1_150' title='bbox 1459 3040 1578 3111; x_wconf 83' lang='lat' dir='ltr'>prose·</span> 
     </span>
     <span class='ocr_line' id='line_1_20' title="bbox 457 3145 1579 3238; baseline 0.001 -25"><span class='ocrx_word' id='word_1_151' title='bbox 457 3147 597 3235; x_wconf 83' lang='lat' dir='ltr'>quitur:</span> <span class='ocrx_word' id='word_1_152' title='bbox 622 3145 733 3230; x_wconf 82' lang='lat' dir='ltr'>„Cum</span> <span class='ocrx_word' id='word_1_153' title='bbox 757 3147 936 3216; x_wconf 82' lang='lat' dir='ltr'>sublatum</span> <span class='ocrx_word' id='word_1_154' title='bbox 962 3169 981 3216; x_wconf 89' lang='lat' dir='ltr'>e</span> <span class='ocrx_word' id='word_1_155' title='bbox 1005 3156 1194 3238; x_wconf 84' lang='lat' dir='ltr'>conspectu</span> <span class='ocrx_word' id='word_1_156' title='bbox 1218 3148 1339 3215; x_wconf 90' lang='lat' dir='ltr'>lumen</span> <span class='ocrx_word' id='word_1_157' title='bbox 1362 3153 1416 3215; x_wconf 86' lang='lat' dir='ltr'>est</span> <span class='ocrx_word' id='word_1_158' title='bbox 1439 3152 1474 3214; x_wconf 88' lang='lat' dir='ltr'>et</span> <span class='ocrx_word' id='word_1_159' title='bbox 1494 3167 1579 3216; x_wconf 90' lang='lat' dir='ltr'>oon·</span> 
     </span>
     <span class='ocr_line' id='line_1_21' title="bbox 457 3271 1578 3357; baseline -0.001 -18"><span class='ocrx_word' id='word_1_160' title='bbox 457 3273 559 3340; x_wconf 82' lang='lat' dir='ltr'>ticuit</span> <span class='ocrx_word' id='word_1_161' title='bbox 583 3293 672 3340; x_wconf 85' lang='lat' dir='ltr'>uxor</span> <span class='ocrx_word' id='word_1_162' title='bbox 697 3274 803 3341; x_wconf 89' lang='lat' dir='ltr'>moris</span> <span class='ocrx_word' id='word_1_163' title='bbox 828 3273 895 3341; x_wconf 90' lang='lat' dir='ltr'>mei</span> <span class='ocrx_word' id='word_1_164' title='bbox 919 3274 989 3340; x_wconf 92' lang='lat' dir='ltr'>iam</span> <span class='ocrx_word' id='word_1_165' title='bbox 1014 3274 1164 3357; x_wconf 82' lang='lat' dir='ltr'>conscia,</span> <span class='ocrx_word' id='word_1_166' title='bbox 1188 3278 1303 3341; x_wconf 82' lang='lat' dir='ltr'>totum</span> <span class='ocrx_word' id='word_1_167' title='bbox 1328 3271 1422 3339; x_wconf 90' lang='lat' dir='ltr'>diem</span> <span class='ocrx_word' id='word_1_168' title='bbox 1459 3291 1578 3339; x_wconf 89' lang='lat' dir='ltr'>meum</span> 
     </span>
     <span class='ocr_line' id='line_1_22' title="bbox 457 3395 1578 3484; baseline -0.001 -21"><span class='ocrx_word' id='word_1_169' title='bbox 457 3404 597 3466; x_wconf 88' lang='lat' dir='ltr'>scrutor</span> <span class='ocrx_word' id='word_1_170' title='bbox 620 3396 784 3484; x_wconf 81' lang='lat' dir='ltr'>iactaque</span> <span class='ocrx_word' id='word_1_171' title='bbox 807 3418 848 3466; x_wconf 90' lang='lat' dir='ltr'>ac</span> <span class='ocrx_word' id='word_1_172' title='bbox 872 3397 966 3466; x_wconf 90' lang='lat' dir='ltr'>dicta</span> <span class='ocrx_word' id='word_1_173' title='bbox 992 3418 1069 3465; x_wconf 90' lang='lat' dir='ltr'>mea</span> <span class='ocrx_word' id='word_1_174' title='bbox 1094 3399 1269 3466; x_wconf 84' lang='lat' dir='ltr'>remetior.</span> <span class='ocrx_word' id='word_1_175' title='bbox 1293 3395 1389 3464; x_wconf 90' lang='lat' dir='ltr'>Nihil</span> <span class='ocrx_word' id='word_1_176' title='bbox 1405 3396 1489 3463; x_wconf 91' lang='lat' dir='ltr'>mihi</span> <span class='ocrx_word' id='word_1_177' title='bbox 1504 3395 1578 3484; x_wconf 89' lang='lat' dir='ltr'>ipse</span> 
     </span>
     <span class='ocr_line' id='line_1_23' title="bbox 456 3502 1579 3611; baseline -0.002 -23"><span class='ocrx_word' id='word_1_178' title='bbox 456 3519 644 3600; x_wconf 88' lang='lat' dir='ltr'>abscondo,</span> <span class='ocrx_word' id='word_1_179' title='bbox 669 3521 756 3589; x_wconf 87' lang='lat' dir='ltr'>nihil</span> <span class='ocrx_word' id='word_1_180' title='bbox 781 3527 933 3590; x_wconf 81' lang='lat' dir='ltr'>transeo.</span> <span class='ocrx_word' id='word_1_181' title='bbox 959 3502 1076 3601; x_wconf 88' lang='lat' dir='ltr'>Quare</span> <span class='ocrx_word' id='word_1_182' title='bbox 1100 3522 1194 3589; x_wconf 90' lang='lat' dir='ltr'>enim</span> <span class='ocrx_word' id='word_1_183' title='bbox 1220 3522 1579 3611; x_wconf 83' lang='lat' dir='ltr'>quicquamexerro·</span> 
     </span>
     <span class='ocr_line' id='line_1_24' title="bbox 458 3642 1609 3735; baseline -0.002 -24"><span class='ocrx_word' id='word_1_184' title='bbox 458 3645 555 3714; x_wconf 89' lang='lat' dir='ltr'>ribus</span> <span class='ocrx_word' id='word_1_185' title='bbox 580 3647 666 3713; x_wconf 89' lang='lat' dir='ltr'>meis</span> <span class='ocrx_word' id='word_1_186' title='bbox 690 3647 846 3729; x_wconf 82' lang='lat' dir='ltr'>timeam,</span> <span class='ocrx_word' id='word_1_187' title='bbox 870 3667 951 3715; x_wconf 89' lang='lat' dir='ltr'>cum</span> <span class='ocrx_word' id='word_1_188' title='bbox 977 3666 1119 3735; x_wconf 92' lang='lat' dir='ltr'>possum</span> <span class='ocrx_word' id='word_1_189' title='bbox 1146 3646 1280 3715; x_wconf 85' lang='lat' dir='ltr'>dicere:</span> <span class='ocrx_word' id='word_1_190' title='bbox 1307 3643 1453 3712; x_wconf 84' lang='lat' dir='ltr'>vidone</span> <span class='ocrx_word' id='word_1_191' title='bbox 1485 3642 1578 3711; x_wconf 83' lang='lat' dir='ltr'>istud</span> <span class='ocrx_word' id='word_1_192' title='bbox 1606 3667 1609 3672; x_wconf 91' lang='lat'>·</span> 
     </span>
     <span class='ocr_line' id='line_1_25' title="bbox 457 3768 1580 3860; baseline 0.003 -24"><span class='ocrx_word' id='word_1_193' title='bbox 457 3769 609 3858; x_wconf 86' lang='lat' dir='ltr'>amplius</span> <span class='ocrx_word' id='word_1_194' title='bbox 643 3768 764 3850; x_wconf 67' lang='lat' dir='ltr'>facim,</span> <span class='ocrx_word' id='word_1_195' title='bbox 799 3791 895 3838; x_wconf 92' lang='lat' dir='ltr'>nunc</span> <span class='ocrx_word' id='word_1_196' title='bbox 928 3769 992 3836; x_wconf 83' lang='lat' dir='ltr'>tibi</span> <span class='ocrx_word' id='word_1_197' title='bbox 1017 3771 1169 3858; x_wconf 83' lang='lat' dir='ltr'>ignosco.</span> <span class='ocrx_word' id='word_1_198' title='bbox 1194 3769 1233 3838; x_wconf 91' lang='lat' dir='ltr'>In</span> <span class='ocrx_word' id='word_1_199' title='bbox 1257 3771 1317 3839; x_wconf 88' lang='lat' dir='ltr'>illa</span> <span class='ocrx_word' id='word_1_200' title='bbox 1342 3772 1580 3860; x_wconf 81' lang='lat' dir='ltr'>disputatione</span> 
     </span>
     <span class='ocr_line' id='line_1_26' title="bbox 457 3893 1581 3984; baseline 0.003 -23"><span class='ocrx_word' id='word_1_201' title='bbox 457 3894 655 3983; x_wconf 85' lang='lat' dir='ltr'>pugnacius</span> <span class='ocrx_word' id='word_1_202' title='bbox 688 3893 829 3962; x_wconf 89' lang='lat' dir='ltr'>locutus</span> <span class='ocrx_word' id='word_1_203' title='bbox 852 3915 899 3962; x_wconf 83' lang='lat' dir='ltr'>ea.</span> <span class='ocrx_word' id='word_1_204' title='bbox 925 3894 1005 3962; x_wconf 93' lang='lat' dir='ltr'>Noli</span> <span class='ocrx_word' id='word_1_205' title='bbox 1029 3903 1151 3983; x_wconf 88' lang='lat' dir='ltr'>postea</span> <span class='ocrx_word' id='word_1_206' title='bbox 1175 3896 1341 3984; x_wconf 82' lang='lat' dir='ltr'>congredi</span> <span class='ocrx_word' id='word_1_207' title='bbox 1365 3918 1445 3966; x_wconf 92' lang='lat' dir='ltr'>cum</span> <span class='ocrx_word' id='word_1_208' title='bbox 1471 3897 1581 3984; x_wconf 87' lang='lat' dir='ltr'>irnpe-</span> 
     </span>
     <span class='ocr_line' id='line_1_27' title="bbox 456 4017 1579 4108; baseline 0.001 -23"><span class='ocrx_word' id='word_1_209' title='bbox 456 4019 550 4086; x_wconf 88' lang='lat' dir='ltr'>ritis:</span> <span class='ocrx_word' id='word_1_210' title='bbox 585 4017 711 4086; x_wconf 88' lang='lat' dir='ltr'>nolunt</span> <span class='ocrx_word' id='word_1_211' title='bbox 745 4017 890 4100; x_wconf 83' lang='lat' dir='ltr'>discere,</span> <span class='ocrx_word' id='word_1_212' title='bbox 922 4021 983 4108; x_wconf 93' lang='lat' dir='ltr'>qui</span> <span class='ocrx_word' id='word_1_213' title='bbox 1017 4040 1214 4108; x_wconf 89' lang='lat' dir='ltr'>numquam</span> <span class='ocrx_word' id='word_1_214' title='bbox 1239 4020 1447 4090; x_wconf 87' lang='lat' dir='ltr'>didicerunt.</span> <span class='ocrx_word' id='word_1_215' title='bbox 1474 4019 1579 4088; x_wconf 88' lang='lat' dir='ltr'>illum</span> 
     </span>
     <span class='ocr_line' id='line_1_28' title="bbox 456 4119 1578 4234; baseline 0.002 -24"><span class='ocrx_word' id='word_1_216' title='bbox 456 4141 600 4210; x_wconf 90' lang='lat' dir='ltr'>liberius</span> <span class='ocrx_word' id='word_1_217' title='bbox 617 4119 839 4211; x_wconf 88' lang='lat' dir='ltr'>admonuisti</span> <span class='ocrx_word' id='word_1_218' title='bbox 852 4164 959 4233; x_wconf 85' lang='lat' dir='ltr'>quam</span> <span class='ocrx_word' id='word_1_219' title='bbox 975 4142 1138 4212; x_wconf 83' lang='lat' dir='ltr'>debebas</span> <span class='ocrx_word' id='word_1_220' title='bbox 1151 4143 1274 4234; x_wconf 82' lang='lat' dir='ltr'>ltaque</span> <span class='ocrx_word' id='word_1_221' title='bbox 1289 4166 1357 4214; x_wconf 94' lang='lat' dir='ltr'>non</span> <span class='ocrx_word' id='word_1_222' title='bbox 1371 4145 1578 4224; x_wconf 83' lang='lat' dir='ltr'>emendasti,</span> 
     </span>
     <span class='ocr_line' id='line_1_29' title="bbox 457 4267 1581 4352; baseline 0 -17"><span class='ocrx_word' id='word_1_223' title='bbox 457 4268 515 4335; x_wconf 89' lang='lat' dir='ltr'>sed</span> <span class='ocrx_word' id='word_1_224' title='bbox 541 4267 726 4336; x_wconf 72' lang='lat' dir='ltr'>ostendisti.</span> <span class='ocrx_word' id='word_1_225' title='bbox 753 4267 801 4335; x_wconf 90' lang='lat' dir='ltr'>De</span> <span class='ocrx_word' id='word_1_226' title='bbox 823 4273 939 4336; x_wconf 84' lang='lat' dir='ltr'>cetero</span> <span class='ocrx_word' id='word_1_227' title='bbox 967 4269 1053 4352; x_wconf 85' lang='lat' dir='ltr'>vide,</span> <span class='ocrx_word' id='word_1_228' title='bbox 1078 4289 1148 4337; x_wconf 94' lang='lat' dir='ltr'>non</span> <span class='ocrx_word' id='word_1_229' title='bbox 1173 4274 1313 4337; x_wconf 86' lang='lat' dir='ltr'>tanturn</span> <span class='ocrx_word' id='word_1_230' title='bbox 1339 4290 1384 4336; x_wconf 92' lang='lat' dir='ltr'>an</span> <span class='ocrx_word' id='word_1_231' title='bbox 1401 4289 1522 4338; x_wconf 84' lang='lat' dir='ltr'>verum</span> <span class='ocrx_word' id='word_1_232' title='bbox 1536 4269 1581 4336; x_wconf 88' lang='lat' dir='ltr'>sit</span> 
     </span>
     <span class='ocr_line' id='line_1_30' title="bbox 458 4371 1581 4481; baseline 0.002 -22"><span class='ocrx_word' id='word_1_233' title='bbox 458 4390 550 4479; x_wconf 91' lang='lat' dir='ltr'>quod</span> <span class='ocrx_word' id='word_1_234' title='bbox 577 4391 673 4476; x_wconf 87' lang='lat' dir='ltr'>dicis,</span> <span class='ocrx_word' id='word_1_235' title='bbox 698 4392 758 4458; x_wconf 91' lang='lat' dir='ltr'>sed</span> <span class='ocrx_word' id='word_1_236' title='bbox 783 4412 828 4460; x_wconf 89' lang='lat' dir='ltr'>an</span> <span class='ocrx_word' id='word_1_237' title='bbox 854 4391 912 4458; x_wconf 89' lang='lat' dir='ltr'>ille</span> <span class='ocrx_word' id='word_1_238' title='bbox 936 4393 992 4461; x_wconf 93' lang='lat' dir='ltr'>cui</span> <span class='ocrx_word' id='word_1_239' title='bbox 1017 4393 1148 4462; x_wconf 80' lang='lat' dir='ltr'>dicitur</span> <span class='ocrx_word' id='word_1_240' title='bbox 1171 4394 1244 4460; x_wconf 89' lang='lat' dir='ltr'>veri</span> <span class='ocrx_word' id='word_1_241' title='bbox 1269 4394 1407 4481; x_wconf 86' lang='lat' dir='ltr'>patiens</span> <span class='ocrx_word' id='word_1_242' title='bbox 1429 4371 1484 4462; x_wconf 84' lang='lat' dir='ltr'>sit.</span> <span class='ocrx_word' id='word_1_243' title='bbox 1509 4394 1581 4461; x_wconf 86' lang='lat' dir='ltr'>Ad·</span> 
     </span>
    </p>
   </div>
   <div class='ocr_carea' id='block_1_3' title="bbox 0 0 1900 5486">
    <p class='ocr_par' dir='ltr' id='par_1_3' title="bbox 0 0 1900 5486">
     <span class='ocr_line' id='line_1_31' title="bbox 0 0 1900 5486; baseline 0 3"><span class='ocrx_word' id='word_1_244' title='bbox 0 0 1900 5486; x_wconf 95' lang='lat' dir='ltr'> </span> 
     </span>
    </p>
   </div>
  </div>
 </body>
</html>
