3734 5518
971 695 993 762 8

426 895 599 982 Arpinum
636 913 740 961 suum
758 897 797 979 1),
833 892 979 960 Ovidius
1012 891 1094 960 exul
1129 891 1318 960 sescenties
1353 889 1476 958 urbem
1501 929 1545 938 -

426 1017 534 1085 semel
579 1018 674 1086 bisve
690 1017 720 1106 2)
762 1037 847 1084 rura
889 1036 953 1084 sua
999 1003 1185 1098 desiderat,
1221 1015 1354 1084 Seneca
1389 1015 1425 1082 ln
1462 1034 1546 1082 con-

424 1143 593 1211 solatione
633 1139 678 1211 ad
719 1141 878 1209 Helviam
923 1146 1071 1208 matrem
1088 1143 1118 1228 ³)
1161 1138 1339 1208 Corsicam
1385 1140 1544 1208 omnium

423 1276 600 1334 terrarum
627 1268 778 1335 maxime
792 1265 983 1335 terribilem
997 1265 1166 1353 depingit,
1180 1264 1326 1332 Romam
1341 1264 1544 1333 damnando

425 1391 650 1462 commendat
664 1392 705 1478 ⁴).

470 1515 544 1583 lam
583 1515 774 1597 videamus,
811 1515 940 1603 quibus
976 1513 1087 1581 modis
1122 1514 1240 1582 conati
1275 1514 1346 1581 sint
1381 1520 1543 1583 votorum

429 1648 610 1729 compotes
647 1640 723 1707 fieri
758 1647 793 1706 et
828 1658 1011 1727 quousque
1047 1638 1222 1726 progressi
1245 1639 1325 1706 sint.
1351 1637 1424 1706 lam
1449 1659 1545 1708 nune

426 1764 542 1833 dicam
579 1762 783 1833 Ciceronem
820 1761 933 1828 solum
969 1782 1013 1828 ex
1048 1761 1160 1829 triade
1196 1768 1317 1831 nostra
1353 1762 1544 1852 perbreve

426 1895 578 1977 tempus,
611 1905 681 1975 quo
717 1885 893 1969 tendebat,
917 1887 1131 1973 cacumen⁶)
1155 1888 1387 1966 tenuissaeo
1411 1887 1544 1957 scilicet

427 2033 533 2096 anno,
569 2032 639 2100 quo
671 2011 793 2080 consul
829 2009 1083 2099 rempublicam
1119 2011 1350 2080 conservarit.
1387 2010 1543 2097 Ovidius

426 2139 483 2206 cui
508 2137 643 2226 „poetis
665 2135 809 2204 aulicis’'
835 2135 979 2204 Horatio
991 2143 1026 2202 et
1040 2135 1191 2224 Vergilio
1204 2135 1392 2205 succedere
1404 2156 1544 2205 somma

427 2261 589 2329 voluntas
634 2266 712 2329 erat
732 2261 773 2348 ⁶),
827 2281 908 2329 cum
961 2269 1073 2328 metae
1120 2261 1185 2349 ipsi
1236 2261 1320 2329 iam.
1353 2262 1544 2350 appropin-

425 2392 564 2475 quaret,
603 2386 633 2453 vi
667 2385 824 2453 deiectus
857 2390 920 2452 cst.
957 2385 1100 2463 Seneca,
1124 2385 1184 2473 qui
1204 2384 1399 2453 secundum
1424 2385 1542 2454 locum

425 2510 642 2600 praestantia
666 2529 731 2576 sua
755 2508 958 2576 inferiorern
982 2506 1131 2596 putabat
1148 2511 1187 2591 ⁷),
1212 2508 1428 2596 propositum
1454 2531 1544 2578 non-

424 2633 508 2703 dum
533 2640 716 2702 assecutus
741 2632 812 2700 lori
840 2632 1032 2700 liberatori
1056 2633 1265 2719 sanguinem
1288 2631 1421 2704 libavit.
1443 2611 1490 2684 ’-

469 2758 628 2836 Cicero
653 2757 688 2826 (l.
722 2755 824 2824 Marii
855 2755 1045 2845 popularia,
1069 2776 1224 2845 quocum
1247 2763 1283 2825 et
1305 2759 1379 2847 ipse
1403 2761 1543 2848 saepius

433 2921 643 2930 -a—--ff

466 2993 495 3064 1)
536 2988 722 3051 Cucheval
745 2989 756 3048 l
779 3005 806 3066 p.
829 2991 863 3059 9;
887 2990 1015 3048 11-16.
1036 2989 1111 3050 lnlra
1134 3007 1194 3068 cap.
1216 2989 1250 3050 de
1273 2989 1371 3069 patria.

464 3109 495 3177 9)
536 3105 564 3166 l'.
587 3103 828 3196 18.38smpol.
853 3104 899 3164 Tr.
922 3103 933 3164 l
956 3105 1044 3166 ll.37
1066 3104 1129 3180 (ubi
1153 3105 1216 3166 ride
1238 3106 1371 3184 Owen).

464 3223 496 3301 3)
536 3221 611 3282 lnlra
632 3239 693 3301 cap.
715 3222 750 3283 da
773 3223 871 3302 putria.

464 3340 495 3412 1)
535 3337 575 3397 lb.
597 3356 621 3397 c.
644 3340 701 3398 99.

465 3457 495 3528 5)
536 3454 559 3513 A
582 3471 671 3532 puero
692 3453 870 3515 adamaverat
892 3453 979 3515 illud:
1003 3455 1074 3515 alr'r
1098 3447 1277 3533 riproreuerr
1305 3457 1359 3516 καὶ
1370 3455 1542 3540 ὑπείροχον

425 3576 559 3657 ἔμμεναι
582 3575 692 3639 ἄλλων
714 3577 760 3650 (ud
783 3579 816 3648 Q.
850 3579 882 3637 lr.
905 3579 942 3638 lll
966 3582 1013 3640 61
1037 3581 1072 3640 cl.
1095 3578 1128 3640 ad
1151 3581 1170 3640 1.
1193 3581 1256 3642 lllll
1281 3584 1349 3642 169
1367 3581 1543 3660 lllyCicero

425 3722 451 3782 r·
474 3704 576 3782 a-o.)

464 3822 494 3886 6)
536 3819 576 3879 Cl.
600 3818 765 3880 [loissier
776 3819 969 3899 llopposilion
982 3839 1009 3900 p.
1023 3823 1145 3900 illisu,
1157 3822 1265 3883 Owen
1277 3823 1379 3884 Tristia
1394 3823 1541 3894 1²(0rlord

426 3937 515 4010 1890)
538 3953 564 4014 p.
587 3935 647 3996 Llll
669 3943 696 3996 et
718 3935 801 3996 infru.

464 4054 494 4125 7)
535 4053 600 4112 Tac.
622 4051 671 4112 XV
694 4056 742 4123 66,
765 4052 939 4123 9106991,
971 4053 1111 4115 Latour
1132 4054 1177 4116 St.
1199 4055 1316 4116 Ybars
1336 4055 1429 4116 Neron
1451 4054 1543 4132 (Paris

425 4170 514 4240 1867)
537 4185 562 4246 p.
585 4170 653 4238 613,
675 4171 732 4230 667
755 4187 807 4247 sq,
829 4167 992 4230 Schlller
1014 4169 1087 4231 Nero
1109 4171 1320 4250 (berlinton)
1335 4189 1361 4250 p.
1373 4174 1542 4242 ooo-702,
1664 4172 1672 4200 '

426 4281 680 4362 [llepenbroek
714 4303 738 4364 p.
772 4287 941 4356 191-196,
964 4285 1105 4347 Gereke
1127 4286 1367 4348 Seneca-Studien
1388 4287 1541 4366 (Fleckeis.

422 4399 518 4460 labro.
542 4401 587 4458 99.
612 4399 711 4481 Suppl.
734 4399 784 4460 lld.
807 4402 922 4479 [ldllfill
943 4420 966 4482 p,
994 4404 1061 4472 968,
1085 4405 1152 4463 319.
