3792 5486
961 709 1028 779 168

431 918 467 980 et
490 911 731 981 simulatorem
756 911 863 980 etiam
883 911 919 995 (i.
940 931 973 997 q.
986 911 1202 992 etiamnunc,
1216 909 1340 994 „still’',
1354 908 1550 998 Tyrrell)

432 1037 579 1126 putabat
603 1035 661 1120 (ib.
687 1036 701 1103 Ι
724 1033 806 1123 311).
820 1035 959 1103 Atticus
970 1039 1090 1102 autem
1103 1035 1400 1124 exspectationem
1413 1033 1549 1102 dissen-

431 1162 537 1230 sionis
571 1161 663 1229 inter
698 1159 904 1249 Pompeium
928 1165 964 1226 et
987 1157 1148 1227 Clodium
1172 1158 1302 1243 attulit,
1326 1158 1419 1249 quod
1446 1158 1551 1228 Pom·

431 1287 549 1376 peium
573 1284 769 1374 impelleret
793 1289 833 1353 ut
856 1304 920 1373 pro
944 1283 1121 1353 Ciceronis
1145 1283 1259 1352 reditu
1273 1303 1417 1373 operam
1431 1283 1550 1368 daret,

431 1430 522 1499 quae
556 1410 770 1498 exspectatio
806 1408 966 1478 Ciceroni
1001 1409 1037 1476 in
1073 1409 1240 1496 exiguum
1275 1415 1417 1496 tempus
1451 1428 1550 1497 spem

431 1535 662 1622 animumque
707 1532 877 1602 reddidit:
921 1532 1148 1616 „Sermonem
1191 1538 1294 1601 tuum
1336 1539 1372 1602 et
1408 1532 1551 1622 Pompei

432 1660 578 1749 cognovi
601 1679 643 1726 ex
668 1659 738 1727 tuis
762 1657 903 1727 litteris:
918 1663 1055 1726 motum
1073 1659 1107 1726 in
1123 1656 1314 1745 republica
1326 1678 1396 1726 non
1409 1663 1550 1726 tantum

431 1801 496 1870 ego
519 1782 723 1872 impendere
749 1782 858 1865 video,
882 1788 1057 1870 quantum
1081 1788 1120 1851 tu
1145 1787 1207 1850 aut
1232 1782 1328 1850 vides
1350 1789 1413 1850 aut
1436 1782 1551 1850 adme

432 1907 684 1977 consolandum
708 1906 831 1991 allers3
855 1906 1005 1995 Tigrane
1029 1906 1122 1975 enim
1144 1907 1303 1995 neglecto
1316 1905 1455 1975 sublata
1467 1912 1551 1976 sunt

432 2033 549 2101 omnia
584 2032 643 2120 (ad
680 2031 752 2101 Att.
788 2030 835 2100 Ill
870 2030 949 2117 83).
985 2030 1036 2099 Ex
1071 2030 1141 2100 tuis
1172 2031 1298 2100 litteris
1322 2031 1447 2121 plenus
1470 2051 1549 2099 sum

431 2158 691 2247 exspectatione
728 2156 771 2225 de
795 2157 972 2246 Pompeio,
997 2155 1166 2244 quidnam
1190 2155 1233 2223 de
1257 2155 1358 2224 nobis
1383 2155 1466 2224 velit
1488 2161 1550 2223 aut

433 2281 613 2364 ostendat;
629 2281 771 2350 comitia
783 2282 876 2349 enim
890 2281 995 2350 credo
1007 2301 1083 2348 esse
1097 2279 1227 2364 habita,
1239 2279 1369 2369 quibus
1380 2278 1549 2349 absolutis

432 2405 556 2474 scribis
591 2405 641 2474 illi
675 2405 848 2494 placuisse
882 2406 940 2493 agi
966 2405 1009 2473 de
1040 2404 1151 2474 nobis.
1176 2405 1212 2473 Si
1236 2405 1299 2473 tibi
1322 2405 1451 2473 stultus
1473 2423 1549 2472 esse

432 2530 561 2614 videor,
595 2531 656 2618 qni
691 2550 839 2619 sperem,
875 2529 965 2598 facio
1000 2534 1061 2598 tuo
1095 2530 1193 2597 iussu
1229 2527 1348 2618 (14.1).
1378 2529 1550 2598 Proximis

429 2654 555 2722 litteris
578 2655 779 2743 scripseras,
802 2654 877 2722 fore
900 2654 953 2722 uti
976 2654 1172 2723 secundum
1197 2654 1339 2722 comitia
1359 2652 1548 2742 aliquidde

429 2773 530 2847 nobis
564 2779 599 2846 in
634 2785 760 2847 senatu
794 2783 976 2868 ageretur,
1012 2779 1047 2847 id
1085 2778 1149 2846 tibi
1178 2777 1385 2868 Pompeium
1410 2779 1547 2848 dixisse.

430 2903 508 2984 Qua
532 2903 574 2971 de
598 2923 649 2988 re,
672 2904 838 2992 quoniam
864 2903 1006 2972 comitia
1031 2903 1150 2971 habita
1173 2909 1256 2971 sunt
1279 2909 1390 2992 tuque
1404 2902 1490 2971 nihil
1503 2903 1547 2972 ad

431 3047 486 3094 me
519 3025 653 3111 scribis,
684 3028 831 3116 proinde
856 3026 991 3096 habebo
1014 3048 1055 3097 ac
1079 3029 1108 3097 si
1131 3028 1329 3116 scripsisses
1352 3027 1438 3096 nihil
1462 3047 1548 3112 esse,

429 3171 544 3240 neque
579 3153 749 3241 temporis
784 3172 854 3221 non
890 3152 1072 3242 longinqui
1107 3173 1168 3242 spe
1202 3153 1350 3221 ductum
1387 3173 1442 3220 me
1473 3172 1549 3222 esse

432 3276 575 3345 moleste
599 3277 731 3359 leram3
754 3297 860 3366 quem
885 3283 1004 3346 autem
1018 3284 1154 3346 motum
1168 3283 1202 3346 te
1216 3278 1333 3346 videre
1347 3279 1548 3367 scripseras

429 3401 491 3488 qui
515 3401 616 3469 nobis
637 3401 732 3469 utilis
741 3400 816 3470 fore
829 3401 1018 3484 videretur,
1031 3423 1113 3470 eum
1127 3403 1304 3485 nuntiant,
1317 3403 1377 3490 qui
1393 3403 1548 3486 veniunt,

431 3524 569 3592 nullum
605 3525 680 3595 iore
717 3524 859 3612 (l3.l).’'
885 3526 961 3594 Non
988 3532 1106 3595 tamen
1134 3527 1245 3596 nescit
1268 3528 1378 3595 invito
1401 3527 1549 3596 Caesare

431 3649 637 3737 Pompeium
672 3670 774 3739 opem
810 3649 876 3718 sibi
911 3651 1067 3719 laturum
1100 3671 1168 3720 non
1194 3671 1280 3732 esse,
1303 3651 1423 3742 itaque
1447 3671 1484 3719 se
1507 3671 1550 3720 ex

430 3772 590 3841 Caesaris
624 3771 770 3842 arbitrio
807 3774 977 3863 pendere:
1004 3773 1330 3862 „Exspectationem
1356 3774 1456 3845 uobis
1480 3796 1549 3844 non

430 3918 575 3986 parvam
612 3897 791 3981 attuleras,
827 3919 908 3967 cum
945 3901 1135 3988 scripseras
1171 3900 1363 3969 Varronem
1399 3899 1462 3969 tibi
1487 3919 1549 3990 pro

430 4023 585 4092 amicitia
619 4022 847 4092 confirmasse
871 4044 1015 4092 causam
1040 4031 1198 4092 nostram
1224 4025 1430 4114 Pompeium
1455 4032 1550 4094 certe

430 4152 689 4236 suscepturum,
733 4151 779 4229 et,
821 4148 926 4217 simul
968 4169 989 4216 a
1027 4148 1176 4217 Caesare
1211 4150 1243 4217 ei
1278 4149 1427 4232 litterae,
1462 4169 1551 4237 quas

430 4277 660 4359 exspectaret,
695 4273 862 4341 remissae
896 4280 1024 4357 essent,
1052 4278 1207 4342 actorem
1232 4275 1338 4341 etiam
1364 4273 1550 4341 daturum:

431 4401 552 4463 utrum
576 4395 610 4463 id
635 4396 722 4464 nihil
746 4396 824 4476 fnit,
845 4418 889 4465 an
904 4396 1109 4465 adversatae
1123 4397 1378 4466 suntCaesaris
1390 4398 1552 4466 litterae?
