3778 5488
943 637 1010 705 202

493 835 572 895 Vota
591 854 695 912 precor
715 836 792 931 rotis
812 836 914 896 addite
936 841 1034 896 ranna
1056 836 1138 913 meir,

454 950 491 1008 llt
511 951 536 1009 ri
557 969 647 1028 quem
668 951 751 1012 dabit
771 952 974 1029 coracinum,
996 951 1098 1013 laxate
1122 953 1272 1020 rudentes,

494 1067 590 1126 llxeat
610 1086 627 1127 e
648 1068 760 1146 Stygiis
782 1073 815 1128 ut
837 1087 903 1128 maa
922 1069 1008 1128 naris
1028 1069 1123 1147 aquia.

1003 1184 1055 1263 (ex
1076 1184 1109 1244 P.
1131 1183 1176 1242 1v
1197 1183 1264 1243 aul
1287 1202 1342 1262 aq,
1364 1183 1496 1258 tr-tt)

460 1340 617 1424 Macer,
637 1342 785 1411 sortasse
806 1343 1046 1432 Pompeius
1067 1344 1216 1412 Macer
1235 1341 1295 1430 (de
1308 1361 1378 1431 quo
1390 1341 1532 1410 Sueton.

414 1466 511 1535 Caes.
534 1467 590 1549 56,
615 1467 743 1536 Owen
770 1467 784 1534 l
810 1489 841 1556 p.
868 1467 958 1536 XLV
982 1474 1018 1536 et
1039 1467 1084 1536 69
1107 1467 1186 1557 sq.),
1210 1467 1255 1536 ad
1279 1486 1384 1556 quem
1409 1465 1531 1533 datum

413 1595 468 1658 est
490 1590 568 1658 Am.
593 1591 624 1659 ll
648 1590 1040 1677 lacunariorum
1053 1593 1284 1678 amicoserat,
1298 1588 1532 1680 proficiscenti

415 1713 539 1784 ovidio
585 1721 725 1806 praesto
760 1729 829 1786 non
866 1717 944 1796 luit,
978 1737 1050 1807 qua
1085 1717 1127 1786 de
1163 1737 1271 1787 causa
1309 1715 1534 1785 vehementer

414 1841 664 1930 perstringitur
698 1840 754 1910 Tr.
790 1841 858 1925 18,
882 1848 917 1911 et
941 1844 975 1910 in
1001 1841 1071 1911 fine
1096 1843 1161 1932 (vs.
1186 1841 1334 1928 47-50)
1361 1845 1534 1920 monetur,

420 1972 461 2031 nt
484 1965 590 2033 linem
614 1967 788 2036 amicitiae
813 1968 937 2036 reddat
959 1969 1059 2037 initio
1083 1975 1354 2058 congruentem:

573 2118 630 2178 Sed
651 2120 792 2198 quoniam
813 2120 926 2181 accedit
947 2120 1089 2181 fatalibus
1113 2120 1169 2180 lroc
1189 2139 1309 2199 quoque
1330 2119 1456 2181 damnis.

614 2235 654 2296 Ut
673 2241 795 2296 careant
815 2237 948 2296 numeris
969 2242 1103 2315 tempora
1125 2238 1221 2315 prima
1241 2237 1311 2306 cuia,

572 2350 671 2428 llffica,
693 2353 804 2430 peccati
826 2371 864 2412 ue
883 2354 938 2413 sim
961 2372 1074 2414 memor
1094 2353 1191 2424 huius,
1213 2358 1244 2413 et
1263 2352 1316 2412 illo

610 2466 747 2527 Officium
769 2467 897 2539 laudem,
920 2488 979 2548 quo
1000 2487 1118 2548 queror,
1140 2488 1191 2530 ore
1218 2471 1312 2529 tuom.

458 2596 577 2667 Macer
600 2619 670 2668 non
693 2600 841 2672 audiens
864 2601 932 2671 fuit
955 2603 1168 2686 adhortanti,
1194 2622 1276 2670 nam
1290 2621 1372 2670 cum
1387 2598 1533 2668 Ovidius

412 2721 443 2787 ei
479 2721 687 2792 inscriberet
716 2745 758 2792 ex
795 2725 831 2792 P.
856 2723 964 2812 1110,
989 2747 1034 2795 ne
1057 2726 1193 2795 litteras
1215 2726 1357 2815 quidem
1382 2726 1425 2793 ad
1450 2745 1531 2793 eum

413 2845 550 2914 dedisse
596 2848 735 2917 videtur
777 2869 891 2939 neque
926 2857 1048 2939 postea
1081 2851 1125 2920 de
1162 2851 1281 2921 Macro
1317 2851 1533 2919 mentionem

415 2970 544 3040 factam
579 2973 780 3042 invenimus
809 2981 966 3064 excepto,
991 2974 1083 3064 quod
1109 2976 1202 3044 inter
1225 2975 1389 3064 aequales
1413 2979 1534 3064 poetas

413 3103 617 3166 recensetur
629 3119 672 3167 ex
684 3099 721 3168 P.
731 3097 777 3168 lV
790 3097 864 3168 lou
876 3099 1089 3190 (Iliacusque
1103 3100 1231 3185 Macer,
1245 3100 1289 3169 cf.
1303 3098 1533 3189 1110.l3sq.).

413 3221 580 3291 Attamen
615 3243 680 3293 nec
716 3223 827 3293 multa
858 3243 922 3293 nec
946 3245 1093 3314 operosa
1117 3225 1211 3294 Naso
1234 3223 1279 3294 ab
1302 3246 1343 3294 eo
1367 3225 1533 3314 petierat;

413 3352 618 3416 contentum
644 3348 865 3418 soluturum
890 3349 1135 3435 contendebat,
1160 3350 1188 3418 si
1211 3350 1329 3420 Macer
1341 3350 1395 3419 sui
1409 3350 1533 3418 memi-

413 3471 522 3540 nisset
546 3477 586 3541 ut
609 3475 683 3562 ipse
707 3474 802 3542 eius:

573 3617 631 3676 Hic
652 3635 684 3677 aa
705 3622 736 3677 et
756 3618 892 3696 ignoras:
914 3623 945 3678 et
963 3619 1035 3679 adea
1055 3619 1267 3680 celeberrimus
1287 3620 1395 3680 absono

613 3734 709 3812 Inque
730 3734 822 3794 Getas
846 3734 943 3795 media
964 3736 1061 3795 iussus
1081 3736 1120 3796 ab
1141 3736 1215 3796 urbc
1237 3736 1331 3796 rania

573 3849 677 3909 Redde
698 3850 802 3928 ricem,
824 3856 863 3926 ct,
885 3851 1025 3929 quoniam
1049 3852 1132 3930 ragio
1152 3851 1267 3912 felicior
1287 3852 1345 3911 ista
1366 3855 1421 3923 oct,

613 3965 685 4025 Istic
708 3984 755 4025 mc
776 3965 899 4026 memori
922 3972 1040 4044 pectore
1060 3986 1178 4046 comper
1197 3967 1283 4028 habe.

1117 4088 1168 4158 (ex
1191 4083 1225 4142 P.
1247 4083 1279 4142 ll
1304 4083 1494 4162 lota-52).

459 4215 493 4283 M
503 4215 765 4298 essallinus,
800 4217 821 4283 i.
856 4237 886 4284 e.
920 4215 965 4284 M.
991 4214 1151 4284 Valerius
1175 4216 1347 4285 Corvinus
1373 4215 1535 4284 Messalla

414 4339 466 4407 vel
504 4339 736 4424 Messallinus
771 4339 882 4408 frater
915 4345 992 4408 erat
1025 4339 1158 4424 Cottae,
1190 4339 1251 4408 sed
1275 4340 1396 4408 Ovidio
1422 4339 1533 4410 multo
