3792 5486
864 697 930 767 165

334 903 454 966 vetant
487 896 642 982 credere,
675 897 828 967 alterum
858 898 961 981 facio,
986 902 1026 966 ut
1048 917 1204 982 caveam,
1228 897 1391 980 alterum,
1416 901 1457 964 ut

332 1043 402 1092 non
438 1021 591 1106 credam,
623 1023 741 1092 facere
777 1043 848 1092 nou
880 1043 1035 1113 possum.
1061 1022 1205 1092 Clodius
1229 1022 1345 1091 adhuc
1369 1022 1455 1090 mihi

332 1148 518 1216 denuntiat
541 1148 757 1236 periculum:
782 1148 972 1237 Pompeius
996 1147 1151 1216 affirmat
1174 1168 1244 1216 uon
1268 1166 1344 1216 esse
1362 1147 1456 1236 peri·

332 1273 471 1357 cuium3
505 1272 664 1357 adiurat,
699 1273 797 1342 addit
831 1275 938 1342 etiam
971 1293 1009 1341 se
1044 1273 1142 1364 prius
1165 1271 1318 1342 occisum
1343 1272 1387 1340 iri
1410 1269 1456 1339 ab

332 1417 374 1466 eo
397 1419 504 1488 quam
530 1418 586 1467 me
610 1397 777 1467 violatum
802 1399 855 1467 iri.
877 1398 1065 1467 Tractatur
1084 1416 1141 1465 res
1154 1396 1358 1487 (Pompeius
1370 1415 1451 1465 cum

332 1521 450 1590 Oiodio
483 1523 557 1612 agit
577 1523 620 1590 de
646 1523 801 1612 periculo
825 1522 1014 1607 Ciceronis,
1039 1521 1164 1611 Boot)
1188 1520 1257 1610 (20.
1283 1520 1302 1587 i
1328 1526 1364 1589 et
1385 1520 1455 1606 2).”

377 1647 596 1737 Pompeium,
622 1649 740 1716 minus
764 1648 834 1716 iam
858 1668 947 1716 aura
960 1646 1120 1738 populari
1132 1647 1321 1731 fruentem,
1334 1644 1455 1715 Cicero

331 1773 572 1843 commisereri
606 1773 740 1862 coepit:
778 1771 861 1856 „lile
897 1779 1018 1842 noster
1053 1772 1278 1840 amicus....
1313 1791 1383 1859 quo
1418 1791 1455 1840 se

333 1897 492 1967 conferat
515 1897 648 1966 nescit.
663 1947 670 1962 .
685 1946 714 1962 ..
739 1896 849 1965 bonos
867 1896 1029 1965 inimicos
1043 1894 1158 1974 habet,
1170 1895 1350 1984 improbos
1361 1897 1456 1985 ipsos

333 2042 403 2090 uon
446 2021 668 2091 amicos....
712 2020 789 2090 Non
832 2021 932 2090 tenui
966 2020 1217 2091 lacrimas...
1254 2020 1326 2110 Ego
1361 2021 1456 2090 hunc

332 2144 496 2215 omnibus
519 2167 541 2214 a
565 2166 620 2214 me
645 2147 782 2235 pictum
807 2151 843 2214 et
867 2146 1015 2235 politum
1041 2146 1128 2214 artis
1151 2144 1327 2215 coloribus
1339 2145 1455 2214 subito

332 2269 568 2340 deformatum
604 2291 675 2339 uon
711 2271 786 2338 sine
821 2290 949 2358 magno
981 2269 1101 2339 dolore
1125 2268 1213 2338 vidi:
1237 2289 1454 2359 quamquam

331 2415 435 2465 nemo
459 2394 607 2484 putabat
630 2400 779 2485 propter
798 2393 1007 2464 Clodianum
1021 2395 1200 2483 negotium
1214 2393 1454 2484 (adoptionem

331 2518 479 2601 scilicet)
504 2539 560 2587 me
582 2518 632 2587 iili
658 2519 814 2588 amioum
837 2538 913 2586 esse
937 2517 1076 2601 debere,
1102 2528 1222 2587 tamen
1246 2524 1369 2588 tantus
1385 2520 1454 2587 fuit

331 2663 442 2727 amor,
475 2649 514 2711 ut
545 2643 725 2712 exhauriri
754 2642 852 2711 nulia
878 2647 995 2731 posset
1016 2643 1157 2711 iniuria.
1184 2643 1304 2732 {taque
1328 2643 1453 2714 Archi·

332 2768 445 2838 lochia
480 2769 514 2837 in
549 2767 649 2836 iilum
674 2768 790 2837 edicta
813 2765 931 2835 Bibuli
952 2767 1012 2854 (ci.
1036 2765 1115 2836 auu
1136 2776 1173 2835 et
1194 2768 1230 2853 5)
1254 2767 1383 2858 populo
1407 2769 1456 2837 ita

331 2898 414 2962 sunt
447 2893 613 2977 iucunda,
648 2902 689 2961 ut
722 2912 804 2961 eum
840 2892 968 2976 locum,
1003 2890 1062 2959 ubi
1087 2897 1346 2981 proponuntur,
1370 2911 1455 2981 prae

333 3018 559 3087 multitudine
594 3037 729 3102 eurum,
765 3017 828 3107 qui
863 3017 994 3104 legunt,
1029 3018 1181 3085 transire
1216 3036 1454 3106 nequeamus;

331 3143 398 3232 ipsi
433 3143 482 3211 ita
516 3141 655 3226 acerba,
690 3149 730 3210 ut
764 3141 924 3212 tabescat
958 3141 1096 3226 doiore;
1132 3142 1218 3209 mihi
1254 3141 1454 3212 mehercule

333 3267 490 3347 molesta,
525 3267 617 3356 quod
655 3273 690 3336 et
713 3287 807 3350 eum,
832 3286 937 3355 quem
965 3285 1105 3355 semper
1128 3265 1243 3350 dilexi,
1267 3267 1372 3336 nimis
1394 3288 1455 3336 ex-

332 3393 493 3462 cruciant
526 3399 562 3460 et
596 3393 713 3476 timeo,
748 3397 821 3460 tam
857 3391 1046 3459 vehemens
1071 3392 1124 3459 vir
1146 3398 1291 3480 tamque
1314 3411 1396 3460 acer
1417 3393 1453 3460 in

332 3514 427 3584 ferro
450 3523 485 3583 et
509 3520 581 3583 tam
606 3517 767 3585 insuetus
785 3515 1020 3585 contumeliae
1032 3536 1077 3584 ue
1090 3516 1186 3585 omui
1198 3517 1307 3584 animi
1319 3517 1453 3606 impetu

332 3637 443 3708 dolori
466 3645 501 3708 et
524 3641 729 3709 iracundiae
754 3645 877 3729 pareat
901 3637 1112 3728 (21.3-4).”

366 3761 1453 3854 Pompeiumipsum-quaevolumus,credimuslibenteri-

331 3888 508 3957 societatis
539 3909 621 3958 cum
645 3888 794 3957 Caesare
817 3895 853 3957 et
876 3888 1002 3958 Crasso
1026 3889 1167 3958 taedere
1191 3888 1451 3959 arbitrabatur:

333 4019 543 4096 „Summum
567 4018 688 4086 odium
712 4019 871 4086 omnium
897 4017 1080 4086 hominum
1106 4019 1140 4086 in
1166 4037 1236 4098 eos,
1256 4017 1453 4106 quitenent

332 4143 466 4211 omnia:
502 4143 707 4212 mutationis
741 4148 860 4211 tamen
885 4163 964 4233 spes
988 4142 1094 4212 nulia.
1132 4142 1210 4220 Sed,
1234 4140 1326 4230 quod
1351 4138 1454 4208 facile

332 4265 473 4350 sentias,
490 4267 608 4336 taedet
627 4269 743 4357 ipsum
764 4267 971 4357 Pompeium
990 4267 1286 4356 vehementerque
1299 4267 1454 4355 paenitet

332 4389 473 4477 (2‘d.6).’'
509 4391 579 4462 Gt:
616 4393 686 4478 „Te
721 4394 809 4461 scire
835 4392 913 4462 volo
936 4392 1267 4482 Sampsiceramum,
1292 4397 1454 4460 nostrum
