3792 5486
970 708 1035 778 tio

438 907 516 993 „Ad
550 913 691 997 tempus
727 907 889 996 relegatis
920 926 1035 994 neque
1067 911 1141 976 tcta
1165 905 1257 975 bona
1282 925 1396 993 neque
1421 911 1559 995 partem

437 1033 545 1101 adimi
569 1031 696 1101 debere
719 1032 899 1122 rescriptis
924 1031 1138 1120 quibusdam
1165 1031 1421 1114 manifestatur,
1440 1049 1560 1120 repre·

438 1156 639 1246 hensaeque
662 1162 746 1225 sunt
769 1157 965 1224 sententiae
988 1175 1123 1235 eorum,
1148 1155 1209 1245 qui
1233 1154 1277 1222 ad
1302 1162 1443 1243 tempus
1471 1153 1561 1224 rele-

437 1283 528 1371 gatis
550 1281 762 1350 ademerunt
786 1287 923 1371 partem
949 1280 1122 1349 bonorum
1148 1280 1202 1348 vel
1228 1279 1329 1364 bona,
1354 1280 1403 1348 sic
1427 1286 1558 1364 tamen,

437 1412 571 1475 utnon
596 1406 865 1474 infirmarentur
888 1406 1095 1485 sententiae,
1107 1426 1198 1494 quae
1213 1407 1261 1472 ita
1273 1411 1357 1473 sunt
1369 1403 1558 1494 prolatae.'’

437 1531 530 1622 Ergo
566 1531 651 1599 mihi
682 1531 827 1620 quidem
854 1551 1064 1620 persuasum
1089 1535 1152 1616 est,
1178 1530 1331 1600 Senecae
1356 1550 1431 1598 rem
1456 1529 1559 1598 sami·

437 1656 561 1724 liarem
586 1656 801 1746 publicatam
826 1677 919 1741 esse,
934 1657 1239 1725 verumenimvero
1253 1655 1344 1724 hanc
1357 1654 1401 1724 ob
1414 1674 1556 1724 causam

439 1779 601 1850 Corsicae
636 1803 718 1850 eum
754 1781 829 1849 sine
863 1801 941 1850 asse
976 1781 1084 1849 fuisse
1119 1786 1154 1848 et
1184 1781 1228 1848 iis
1258 1780 1374 1864 rebus,
1400 1799 1491 1868 quae
1514 1779 1558 1848 ad

441 1906 548 2008 vitam
574 1906 841 1975 sustentandam
856 1907 1073 1976 necessariae
1086 1912 1179 1988 sunt,
1192 1905 1346 1974 caruisse
1360 1925 1430 1974 non
1443 1904 1558 1989 credo,

440 2050 523 2099 uam
546 2031 633 2120 ipse,
657 2036 697 2100 ut
721 2032 854 2120 opinor,
879 2031 922 2100 de
946 2052 982 2099 se
1006 2031 1075 2100 alia
1099 2030 1298 2120 praedicat:
1323 2030 1404 2114 „Me
1416 2029 1557 2118 quidem

438 2155 601 2244 quotiens
635 2155 678 2223 ad
716 2157 863 2246 antiqua
896 2156 1057 2246 exempla
1092 2155 1240 2244 respexi,
1265 2154 1484 2244 paupertatis
1506 2155 1559 2223 uti

437 2279 571 2348 solatiis
607 2279 726 2370 pudet,
761 2282 927 2371 quoniam
960 2282 1102 2371 quidem
1127 2301 1169 2348 eo
1194 2286 1395 2368 temporum
1419 2278 1559 2348 luxuria

438 2405 601 2494 prolapsa
624 2411 688 2491 est,
713 2413 752 2474 ut
776 2407 891 2474 maius
915 2407 1081 2474 viaticum
1106 2404 1250 2473 exulum
1275 2405 1330 2487 sit,
1354 2402 1558 2492 quamolim

440 2530 693 2618 patrimonium
729 2531 928 2619 principum
963 2529 1052 2599 fuit”
1088 2529 1149 2617 (ad
1187 2529 1228 2596 H.
1262 2549 1308 2596 m.
1332 2526 1436 2616 tao).
1461 2527 1558 2608 Quae

437 2659 556 2722 tamen
581 2675 652 2723 non
677 2655 875 2744 prohibent,
899 2656 985 2745 quin
1009 2654 1087 2724 fuse
1111 2653 1155 2722 de
1178 2653 1322 2722 exulum
1350 2657 1557 2742 paupertate

438 2777 721 2867 philosophetur!
1568 2767 1570 2772 ⁵

481 2901 571 2972 Cum
606 2904 739 2974 Seneca
774 2905 887 2989 rediit,
913 2905 1004 2973 bona
1027 2905 1058 2972 ei
1084 2902 1220 2971 reddita
1244 2908 1338 2986 suut,
1366 2907 1407 2970 ut
1430 2903 1559 2992 Agrip·

439 3027 542 3116 pinae
574 3034 609 3095 et
640 3029 748 3098 Iuliae
786 3030 870 3098 Gaio
897 3036 1037 3099 mortuo
1060 3001 1140 3117 (Dio
1165 3026 1261 3111 uon
1286 3027 1381 3096 Suet.
1406 3025 1499 3095 Nero
1522 3025 1559 3115 6)

438 3150 491 3219 vel
516 3152 640 3220 saltem
665 3154 837 3224 damnum
862 3161 1050 3244 pensatum
1074 3159 1138 3238 est,
1151 3172 1234 3220 nam
1248 3153 1367 3220 statim
1380 3153 1415 3219 in
1431 3172 1558 3240 magno

435 3274 552 3346 denuo
576 3277 643 3347 suit
666 3279 862 3370 splendore.
