3778 5488
867 743 932 814 937

336 948 492 1020 feremus
527 965 590 1014 nos
626 945 751 1015 vixisse
781 954 817 1013 et
850 943 968 1014 adhoc
1001 944 1116 1013 vive're
1140 943 1261 1034 (11.1).
1283 943 1454 1024 Quintum

337 1073 483 1140 fratrem
509 1090 626 1139 meum
650 1069 707 1138 fac
730 1069 864 1158 diligas,
885 1088 990 1159 qoem
1004 1089 1068 1159 ego
1082 1069 1189 1138 miser
1200 1070 1230 1137 si
1242 1069 1454 1139 incolumem

339 1197 510 1285 relinquo,
524 1216 593 1265 non
607 1203 786 1264 melotem
800 1196 929 1284 perisse
937 1193 1265 1284 arbitrabor(l3.2).
1276 1193 1456 1263 Lacrimae

339 1340 498 1389 meorum
535 1340 589 1389 me
620 1320 665 1388 ad
691 1326 839 1389 mortem
865 1320 918 1388 ire
945 1319 1220 1409 prohibueruot;
1243 1317 1337 1408 quod
1361 1328 1456 1387 certe

336 1445 437 1512 etad
465 1445 685 1514 honestatem
709 1451 746 1514 et
768 1445 811 1513 ad
837 1443 1054 1534 effugiendos
1070 1443 1308 1514 intolerabiles
1319 1444 1456 1513 dolores

337 1570 404 1638 luit
447 1569 758 1658 aptissimum...
802 1569 874 1659 Ego
919 1570 1038 1654 vitam,
1078 1569 1194 1660 quoad
1230 1567 1362 1657 putabo
1396 1573 1459 1636 tua

337 1695 507 1763 interesse
532 1695 661 1764 autad
687 1714 785 1785 spem
811 1695 1021 1764 servandam
1045 1714 1131 1778 esse,
1156 1692 1314 1763 retinebo
1337 1692 1398 1779 (ad
1418 1691 1448 1772 Q

337 1818 379 1888 ir.
417 1818 431 1886 1
465 1818 522 1890 to
557 1821 715 1907 sq.)....
748 1819 808 1890 Sin
833 1827 951 1889 autem
976 1821 1051 1908 spci
1074 1819 1261 1905 (bonorum
1286 1817 1460 1888 0010111-

337 1943 514 2031 tutorum)
540 1943 627 2010 nihil
651 1949 715 2026 est,
739 1951 908 2032 quaeest
932 1943 1016 2012 mihi
1039 1943 1195 2028 vital(ad
1210 1945 1281 2012 Att.
1296 1941 1458 2030 llll5.6).

338 2067 375 2136 Si
410 2087 452 2135 ee
487 2067 616 2156 (salus)
640 2069 798 2158 praecisa
821 2074 875 2137 est
892 2069 989 2137 hanc
1016 2069 1247 2137 miserrimam
1274 2068 1379 2136 vitam
1405 2067 1458 2135 vel

338 2192 545 2261 sustentabo
585 2191 648 2272 vel,
683 2192 776 2281 quod
814 2192 925 2262 multo
961 2200 1015 2262 est
1053 2192 1187 2276 melius,
1211 2191 1460 2262 abiecere....

339 2318 406 2386 Sed
443 2326 574 2403 tamen,
610 2317 777 2407 quoniam
813 2323 976 2406 coeptum
1013 2325 1067 2386 est
1101 2318 1168 2406 agi,
1191 2337 1333 2406 quoquo
1358 2316 1461 2385 modo

339 2448 503 2529 coeptum
528 2447 582 2511 est
606 2449 642 2510 et
665 2462 890 2531 quacumque
903 2441 946 2510 de
958 2461 1075 2521 cause,
1088 2463 1158 2510 non
1172 2442 1332 2509 deseram
1345 2460 1460 2529 neque

338 2566 462 2654 optimi
497 2573 604 2655 atque
640 2566 735 2635 unici
759 2565 880 2634 fratris
904 2566 1050 2634 miseras
1073 2587 1115 2636 ac
1138 2566 1316 2634 luctuosas
1340 2583 1461 2653 preces

341 2710 404 2758 nec
440 2689 544 2760 Sestii
579 2696 849 2780 ceterorumque
884 2692 1056 2779 promissa
1089 2711 1155 2760 nec
1189 2710 1287 2779 spem
1318 2709 1460 2759 aerum·

340 2815 546 2884 nosissimae
572 2815 731 2883 mulieris
754 2813 938 2884 Terentiae
962 2835 1027 2883 nec
1052 2815 1268 2884 miserrimae
1291 2812 1461 2882 Tulliolae

341 2937 619 3007 obsecrationem
656 2947 687 3007 el
716 2939 835 3008 lideles
860 2939 994 3009 litteras
1017 2948 1114 3008 toas:
1140 2939 1225 3008 mihi
1249 2939 1376 3028 Epirus
1399 2945 1462 3006 aut

340 3064 408 3131 iter
427 3063 470 3131 ad
484 3063 633 3131 salutem
648 3063 756 3147 dabit,
769 3070 832 3132 0111
844 3064 936 3154 quod
952 3064 1076 3153 scripsi
1093 3083 1201 3153 supra
1212 3062 1302 3151 (19.1
1317 3072 1351 3130 et
1364 3062 1404 3146 2;
1416 3062 1461 3132 cf.

342 3208 374 3276 p.
398 3185 598 3273 135111.)
624 3186 709 3255 Mihi
721 3207 764 3255 ex
776 3207 862 3276 agro
874 3194 936 3255 tuo
948 3193 1088 3256 tantum
1102 3187 1274 3276 adsignes
1286 3193 1459 3275 quantum

342 3332 420 3380 meo
445 3331 591 3400 corpore
619 3313 784 3401 occupari
810 3319 923 3401 potest
946 3311 1007 3396 (ib.
1028 3310 1045 3402 ἓ
1068 3309 1116 3401 3).
1137 3311 1173 3380 Si
1186 3310 1354 3400 perficitis
1366 3311 1459 3406 quod

340 3436 453 3524 agitis,
478 3435 601 3504 meod
626 3455 687 3504 vos
712 3436 830 3504 venire
853 3441 1008 3524 oportet:
1032 3436 1084 3503 sin
1110 3443 1229 3504 autem
1243 3435 1359 3504 -sed
1373 3435 1459 3505 nihil

341 3581 431 3649 opus
464 3567 518 3628 est
553 3559 689 3650 reliqua
725 3560 878 3629 scribere
907 3559 966 3649 (ad
992 3560 1015 3628 l.
1040 3559 1120 3628 XIV
1143 3558 1223 3645 35).
1248 3559 1314 3629 Sed
1340 3565 1458 3629 tamen

342 3705 447 3772 qoam
473 3685 533 3753 diu
561 3705 621 3754 vos
640 3685 738 3752 eritis
761 3684 796 3751 in
821 3703 894 3773 spe,
918 3704 987 3751 non
1008 3682 1180 3768 deficiam,
1193 3705 1237 3752 ne
1252 3685 1370 3754 omnia
1383 3705 1462 3754 mea

343 3808 449 3898 culpa
484 3808 649 3878 cecidisse
681 3808 869 3877 videantur
892 3807 954 3895 (ib.
978 3806 996 3897 ἓ
1018 3807 1066 3896 2).
1090 3807 1139 3876 Te
1163 3828 1234 3892 010,
1259 3814 1309 3892 ut,
1333 3809 1462 3900 quibus

341 3933 376 4000 in
414 3933 521 4002 rebus
555 3935 608 4002 tui
642 3935 709 4002 mei
732 3932 951 4022 indigebunt,
975 3934 1105 4002 nostris
1130 3934 1278 4002 miseriis
1301 3955 1345 4003 ne
1369 3934 1461 4002 desis

342 4057 400 4144 (ad
439 4058 511 4127 Att.
546 4057 594 4126 Ill
629 4058 700 4148 27).
728 4058 813 4127 Vide
836 4079 892 4142 ne,
916 4079 998 4126 cum
1023 4058 1108 4126 velis
1131 4078 1297 4128 revocare
1320 4066 1462 4149 tempus

342 4182 500 4250 omnium
549 4183 844 4252 reservandorum
888 4181 1013 4271 (verba
1054 4187 1247 4271 corrupta),
1282 4203 1363 4252 cum
1400 4183 1460 4274 qui

341 4312 503 4374 servetur
526 4326 595 4376 non
619 4307 696 4390 erit,
721 4328 791 4375 non
816 4307 928 4396 possis
951 4305 1010 4393 (ad
1035 4305 1059 4374 f.
1084 4305 1113 4374 V
1135 4305 1225 4393 1.2)”
1244 4311 1284 4397 ι).

385 4451 416 4522 1)
456 4449 528 4510 Cum
552 4448 748 4528 philosophica
770 4467 821 4510 sua
844 4467 928 4529 opem
951 4448 1050 4511 Cicero
1067 4449 1213 4523 scriberet,
1225 4452 1461 4530 1013011101-
