3792 5486
961 682 1028 754 136

438 878 548 947 nostri
572 879 744 948 damnant
766 886 802 948 et
825 881 898 969 ipse
921 885 1104 969 tamquam
1125 881 1394 970 ignominiosam
1406 881 1555 950 abscon-

438 1003 520 1071 dere
555 1004 701 1074 studuit.
732 1004 919 1094 Negotium
945 1005 1185 1075 Antonianum
1210 1007 1299 1086 dico,
1323 1028 1393 1097 quo
1417 1013 1553 1096 partem

437 1126 601 1215 praedae,
625 1148 730 1215 quarn
757 1135 899 1218 raptum
924 1129 997 1197 ibat
1019 1129 1078 1198 ille
1101 1131 1163 1219 qui
1186 1137 1291 1200 antea
1314 1130 1349 1198 in
1368 1130 1553 1199 consulatu

437 1251 570 1342 collega
603 1252 730 1332 fuerat,
765 1252 832 1321 sibi
867 1255 1038 1344 pepigisse
1073 1264 1109 1322 et
1144 1265 1222 1345 post
1245 1255 1387 1344 longum
1414 1262 1554 1344 tempus

437 1378 612 1466 accepisse
650 1377 804 1446 videtur:
840 1378 1044 1463 „Libertum
1069 1400 1133 1468 ego
1159 1379 1269 1448 habeo
1293 1399 1377 1448 sane
1402 1400 1553 1469 nequam

437 1500 627 1586 hominem,
642 1502 802 1570 Hilarum
815 1503 904 1587 dico,
918 1503 1201 1573 ratiocinatorem
1215 1510 1250 1572 et
1262 1501 1427 1574 clientem
1441 1513 1554 1572 tuum.

437 1625 485 1694 De
520 1645 561 1695 eo
597 1626 682 1694 mibi
706 1626 866 1694 Valerius
888 1627 1064 1717 interpres
1088 1630 1239 1712 nuntiat,
1263 1628 1493 1718 Thyillusque
1517 1648 1554 1696 se

436 1749 576 1819 audisse
621 1750 742 1821 scribit
788 1750 893 1820 haec:
939 1772 1016 1820 esse
1057 1753 1233 1822 bominem
1266 1773 1347 1822 curn
1384 1753 1555 1836 Antoni03

437 1875 630 1944 Antonium
666 1895 771 1965 porro
802 1876 837 1943 in
863 1876 1028 1964 cogendis
1052 1878 1210 1967 pecuniis
1232 1878 1394 1947 dictitare
1418 1884 1553 1966 partem

437 2001 523 2069 mihi
535 2001 659 2090 quaeri
670 2004 995 2073 etamecustodem
1005 2003 1555 2093 communisquaestuslibertum

435 2145 511 2194 esse
547 2127 704 2196 missum.
740 2127 820 2197 Non
854 2148 933 2197 sum
966 2129 1189 2199 mediocriter
1219 2139 1418 2198 commotus
1442 2148 1556 2217 neque

435 2257 554 2319 tamen
590 2252 733 2337 credidi,
767 2253 827 2321 sed
852 2260 948 2322 certe
970 2253 1103 2343 aliquid
1127 2256 1299 2323 sermonis
1323 2253 1400 2322 luit.
1424 2251 1550 2321 Totum

434 2375 616 2465 investiga,
651 2397 832 2467 cognosce,
867 2378 1026 2468 perspice
1060 2386 1097 2446 et
1131 2379 1342 2447 nebulonem
1377 2377 1488 2456 illum,
1523 2378 1553 2445 si

436 2521 506 2590 quo
542 2509 645 2590 pacto
677 2509 786 2591 potes,
809 2523 852 2570 er
875 2503 951 2572 istis
974 2503 1059 2573 locis
1082 2524 1206 2572 amove
1230 2503 1288 2588 (ad
1314 2503 1385 2570 Att.
1411 2502 1424 2570 l
1449 2501 1552 2589 122).

435 2624 580 2694 Teucris
616 2625 677 2694 illa
709 2627 846 2695 lentum
882 2628 1061 2716 negotium
1096 2637 1160 2712 est,
1195 2627 1254 2696 sed
1287 2636 1405 2696 tamen
1440 2634 1494 2695 est
1516 2627 1551 2694 in

435 2770 497 2840 spe
532 2750 592 2838 (ib.
628 2750 733 2839 1116).
773 2757 909 2834 Terapse
946 2753 1118 2840 promissa
1153 2753 1306 2841 patravit
1340 2751 1402 2838 (lb.
1427 2749 1553 2839 ll.7).”

435 2874 536 2955 Quod
582 2897 799 2966 quamquam
843 2897 907 2946 nos
948 2876 1114 2946 Cicerone
1156 2877 1341 2966 indignum
1377 2876 1551 2958 ducimus,

434 3000 642 3089 aequalibus
676 3021 746 3070 non
782 3023 895 3093 aeque
929 3008 1033 3091 turpe
1069 3003 1180 3070 visum
1219 3009 1282 3086 est,
1318 3002 1379 3090 qui
1403 3001 1552 3069 Brutum

435 3124 600 3193 admirati
623 3126 693 3194 sint
716 3127 822 3195 etiam
849 3133 1035 3217 postquam
1060 3127 1137 3195 eius
1159 3127 1273 3217 gratia
1294 3127 1329 3194 in
1343 3125 1554 3215 Cyprooves

435 3269 505 3318 non
541 3249 678 3319 tonderi
713 3251 773 3320 sed
810 3251 952 3341 deglubi
986 3251 1189 3339 evulgatum
1226 3258 1279 3320 est
1314 3250 1374 3338 (ad
1410 3250 1482 3318 Att.
1509 3248 1552 3317 Vl

434 3371 583 3463 l.3-8).
619 3373 741 3464 Neque
764 3375 924 3446 Ciceroni
947 3397 1055 3446 causa
1077 3382 1155 3444 erat
1179 3396 1254 3460 cur,
1278 3376 1308 3444 si
1331 3375 1376 3443 ab
1400 3374 1553 3443 Antonio

433 3519 477 3566 ex
513 3501 693 3588 provincia
722 3500 896 3590 quaedam
922 3503 1108 3590 acciperet,
1130 3502 1266 3570 socium
1290 3500 1493 3588 depilatoris
1518 3519 1554 3566 se

434 3629 586 3712 putaret,
613 3645 696 3692 nam
722 3627 796 3713 ipse
822 3646 966 3715 quoque
990 3625 1073 3695 licet
1095 3626 1322 3714 integerrime
1337 3624 1552 3713 provinciam

434 3747 725 3834 administrasset,
749 3769 792 3819 ex
815 3750 936 3820 Cilicia
959 3751 1025 3834 „ad
1049 3751 1250 3819 sestertium
1274 3749 1325 3818 bis
1348 3755 1384 3817 et
1404 3746 1553 3817 viciens''

434 3872 494 3960 (ad
526 3873 597 3942 Aa.
632 3874 680 3942 XI
713 3874 783 3962 12)
808 3874 874 3943 sibi
897 3875 1125 3965 comparavit.
1152 3875 1326 3944 Omnibus
1352 3875 1446 3944 hisce
1470 3893 1554 3942 con-

433 3997 595 4066 sideratis
617 3997 734 4067 iacere
758 4020 828 4068 non
856 4019 1054 4089 possumus,
1078 4001 1164 4089 quin
1191 3999 1351 4068 Marcum
1376 4000 1553 4067 sincerum

432 4121 629 4191 iudicemus
671 4123 732 4192 ubi
774 4121 905 4203 Quinto
940 4123 1043 4192 fratri
1078 4143 1115 4191 se
1150 4124 1258 4193 iactat
1294 4124 1391 4213 „ipso
1425 4103 1556 4211 genere

434 4247 603 4334 pecuniae
640 4246 904 4316 beatissimum''
940 4248 1000 4335 (ad
1034 4246 1074 4328 Q.
1107 4247 1150 4317 lr.
1175 4247 1294 4338 1311).
1318 4246 1409 4328 Quid
1433 4252 1552 4314 autern

434 4370 738 4440 Drumannum
781 4373 995 4461 permoverit
1036 4371 1099 4460 (Vl
1136 4371 1341 4462 dal-38⁴2),
1378 4379 1417 4441 ut
1451 4373 1552 4460 quasi
