3792 5486
908 670 969 738 ill

539 872 601 931 Nee
623 876 656 931 tu
677 869 840 930 credideris
861 869 994 930 urbanae
1014 870 1168 931 commoda
1190 872 1270 931 ritae

578 987 729 1058 Quaerere
748 987 914 1047 Nasonem:
936 987 1053 1065 quaerit
1074 993 1104 1047 et
1124 987 1176 1056 illu
1196 994 1307 1048 tamen

537 1104 615 1164 Nam
637 1102 724 1164 mode
746 1121 798 1164 res
815 1104 916 1163 anime
935 1103 1037 1163 dulees
1057 1103 1239 1180 reminiscor,
1260 1105 1357 1182 amiel,

577 1219 664 1278 Nune
686 1219 758 1278 milri
779 1237 846 1279 euru
867 1238 936 1279 eara
956 1219 1083 1297 eoniuge
1103 1223 1175 1280 nata
1195 1218 1292 1279 subit:

538 1336 624 1414 Aque
647 1334 735 1395 deme
756 1354 860 1395 rursus
880 1335 1022 1413 pulchrae
1042 1335 1107 1396 loea
1128 1340 1229 1396 uerter
1250 1336 1288 1396 ad
1310 1337 1401 1408 urbis,

578 1452 753 1530 (iunctaque
775 1469 857 1511 mens
879 1451 972 1511 oeulis
992 1451 1129 1530 pervidet
1151 1451 1205 1511 illa
1225 1453 1296 1512 suis.

536 1567 624 1628 Nune
645 1568 718 1640 lora,
741 1586 821 1628 unue
841 1567 939 1643 aedes,
960 1585 1039 1627 nune
1061 1586 1208 1627 marmore
1228 1573 1307 1627 teeta
1328 1567 1454 1641 theatra,

576 1684 665 1743 Nune
685 1685 764 1745 subit
785 1689 913 1762 aequata
935 1683 1064 1763 perticus
1086 1683 1181 1746 omnis
1204 1683 1304 1759 humo,

537 1799 682 1860 (immina
702 1818 782 1860 nune
803 1799 907 1876 Campi
930 1798 1069 1877 pulelrres
1090 1799 1250 1876 speeteulis
1271 1799 1301 1856 in
1325 1799 1434 1875 henos,

577 1915 748 1994 stagnaque
768 1919 799 1975 et
819 1915 925 1992 euripi,
947 1914 1168 1992 Virgineusque
1188 1913 1294 1992 liquor.

1128 2029 1178 2108 (ex
1199 2030 1233 2089 P.
1255 2031 1270 2088 I
1292 2032 1454 2110 suu-38)

421 2189 645 2279 Quamquam
684 2192 813 2261 totiens
851 2192 1023 2280 queritur,
1062 2189 1156 2278 quod
1192 2188 1258 2257 sibi
1290 2190 1361 2272 „sie
1396 2190 1494 2259 urbis

376 2316 504 2384 misero
531 2321 584 2383 est
611 2323 733 2405 erepta
754 2314 935 2404 voluptes'’
956 2314 1018 2403 (ib.
1037 2313 1109 2402 39),
1129 2320 1232 2402 poeta
1252 2333 1332 2382 raro
1353 2319 1491 2383 tantum

377 2460 462 2508 rura
499 2460 573 2524 sua,
614 2439 800 2530 „Paeligno
838 2438 1086 2530 conspicienda
1109 2437 1204 2506 solo”
1229 2437 1287 2528 (ex
1310 2437 1346 2506 P.
1367 2438 1383 2507 Ι
1401 2437 1495 2530 842)

375 2573 410 2630 et
450 2563 569 2634 hortos
606 2564 650 2633 ad
682 2564 818 2647 urbem,
850 2584 920 2653 quo
951 2563 1148 2632 studiorum
1180 2563 1293 2648 gratia
1325 2563 1490 2631 seeedere

375 2687 446 2773 (Tr.
471 2689 517 2758 IV
540 2688 633 2779 827)
657 2699 693 2757 et
715 2689 822 2759 libros
846 2709 928 2758 suos
947 2688 1100 2757 ser-ibere
1112 2684 1340 2775 (initiet)
1353 2687 1491 2772 soleret,
1547 2787 1554 2800 ι

374 2813 560 2898 desiderat,
592 2835 673 2883 eum
706 2813 824 2883 Tomis
850 2814 945 2882 iutra
970 2817 1088 2902 portas
1112 2812 1144 2879 ei
1169 2810 1383 2879 manendum
1408 2811 1491 2879 luit:

534 2984 596 3044 Nee
617 3003 677 3062 quo
697 2969 842 3054 seeedaru
863 2986 946 3044 loeus
966 2987 1027 3042 eet:
1048 2979 1183 3042 custodia
1204 2980 1280 3039 muri

574 3099 747 3160 summovet
768 3099 892 3186 infestos
912 3100 1072 3178 elausaque
1095 3103 1181 3178 perte
1200 3100 1301 3164 Getae,

1130 3217 1193 3292 (Tr.
1215 3219 1264 3276 111
1287 3220 1371 3278 llll
1394 3223 1452 3298 sq.)

417 3374 456 3441 ln
482 3373 647 3442 omnibus
670 3375 779 3464 igitur
801 3373 963 3443 exulibus
986 3375 1116 3443 nostris
1140 3377 1342 3466 exemplum
1356 3379 1490 3446 inueni·

376 3517 455 3566 mus
486 3498 626 3567 illerum
653 3518 862 3587 magnarum
886 3499 1027 3568 urbium
1052 3500 1377 3586 indumentorum,
1399 3522 1491 3590 quae

374 3621 534 3691 homines
568 3621 633 3692 soli
656 3623 811 3692 natalicii
834 3623 961 3693 oblitos
981 3623 1163 3692 reddentia
1187 3625 1333 3694 alterius
1357 3627 1491 3716 patriae

374 3747 516 3815 maioris
551 3747 764 3816 desiderium
795 3748 970 3836 exstingui
994 3750 1116 3817 sinunt
1139 3768 1355 3837 numquam
1379 3751 1428 3818 ita
1453 3757 1492 3820 ut

372 3871 585 3954 simulatque
606 3872 727 3957 „urbis
750 3871 850 3940 abest
871 3872 999 3941 laeies''
1021 3872 1094 3961 (Tr.
1107 3873 1386 3961 lVli.l5)0mnis
1402 3875 1490 3942 vitae

371 3996 537 4086 splendor
559 4018 600 4066 ae
624 3996 772 4066 felicitas
794 3995 957 4085 ellugisse
982 3997 1178 4066 videantur.

802 4249 817 4258 κ
823 4247 851 4258 v·
859 4247 884 4256 ν-
896 4247 1010 4261 »musm-
1016 4247 1062 4260 vn
