3778 5488
870 807 937 876 227

338 1023 461 1073 omnes
498 1003 662 1074 mortales
696 1005 868 1093 sapientia
902 1003 1112 1073 antecellere
1146 1003 1251 1092 (Led.
1275 1002 1324 1092 9),
1350 1009 1458 1092 atque

339 1128 469 1199 oblitus
501 1149 577 1198 esse
612 1129 771 1198 omnium
803 1129 997 1199 amicorum
1034 1128 1334 1216 familiariumque
1369 1148 1459 1218 quos

338 1254 565 1324 interiecerat
583 1257 621 1339 1).

383 1377 560 1468 Princeps,
589 1379 651 1469 qui
689 1378 740 1446 vel
769 1379 909 1447 nocenti
933 1379 1114 1468 ignoscere
1141 1377 1277 1447 volebat
1300 1377 1358 1463 (ad
1386 1376 1456 1446 Pol.

337 1502 443 1592 ‘13.3),
467 1505 537 1573 iam
563 1511 776 1593 „antequam
801 1503 844 1570 de
868 1523 975 1572 eausa
998 1501 1241 1591 cognoscebat,
1265 1508 1456 1590 antequam

337 1629 514 1713 audiebat,
548 1628 741 1698 damnabat
771 1627 874 1717 (Lud.
909 1625 991 1716 10)”
1026 1634 1061 1696 et
1098 1627 1222 1696 merito
1256 1628 1293 1694 in
1328 1625 1457 1696 iudicio

337 1754 530 1823 Claudiano
554 1753 648 1842 apud
673 1753 804 1822 inferos
828 1752 989 1838 „Aeacus
1008 1753 1113 1821 bomo
1125 1753 1348 1835 iustissimus,
1363 1756 1458 1820 vetat

337 1880 542 1968 (patronum
578 1879 715 1948 Claudii
745 1876 974 1968 respondere)
998 1884 1033 1945 et
1057 1876 1155 1944 illum
1181 1877 1292 1945 altera
1315 1881 1455 1945 tantum

338 2009 435 2092 parte
459 2003 581 2074 audita
604 2003 816 2074 condemnat
839 2002 901 2090 (ib.
925 2000 1018 2085 11)”.
1045 2000 1251 2069 Mitissimus
1273 1998 1331 2068 ille
1356 2001 1455 2088 prin-

336 2148 418 2219 ceps
466 2127 526 2215 (ad
562 2127 633 2198 Pol.
668 2126 745 2211 e.4;
779 2126 874 2211 te.6;
909 2125 1002 2215 tta)
1037 2145 1101 2211 „ex
1135 2126 1236 2195 cuius
1268 2124 1456 2194 virtutibus

336 2251 523 2321 clementia
548 2253 701 2342 primum
726 2251 862 2321 obtinet
885 2248 1144 2340 locum(¹13.2)”
1158 2249 1352 2320 sectrndum
1366 2271 1453 2322 eun·

336 2375 414 2444 dem
440 2376 610 2446 Senecam
635 2396 729 2460 „uno
752 2383 854 2465 gestu
880 2377 1038 2444 homines
1059 2375 1232 2445 decollare
1251 2375 1453 2461 solet(Lud.

334 2500 406 2589 6)”‚
441 2502 731 2590 consanguineos,
761 2501 894 2569 amicos
926 2498 1125 2588 multosque
1155 2497 1252 2582 alios,
1276 2518 1450 2586 „quorum

335 2645 506 2694 numerus
539 2625 621 2694 iniri
654 2645 724 2694 non
761 2624 908 2714 potuit’',
939 2622 1105 2693 interficit
1137 2623 1198 2712 (ib.
1222 2622 1276 2706 ll,
1300 2620 1448 2710 13,14).

337 2749 475 2818 Mortuo
509 2749 579 2834 illo,
614 2751 675 2840 qui
711 2749 913 2838 „publicum
949 2749 1108 2818 omnium
1144 2747 1319 2832 solatium,
1350 2747 1452 2816 lassis

335 2872 517 2942 bominum
549 2874 655 2943 rebus
689 2873 812 2942 datum
837 2873 896 2961 (ad
922 2872 993 2942 Pol.
1019 2871 1113 2956 lt.t;
1138 2872 1249 2957 16.6)”
1273 2871 1450 2950 audiebat,

333 2998 508 3087 „populus
531 2998 711 3067 Romanus
730 2997 935 3067 ambulabat
947 3006 1130 3086 tamquam
1144 2996 1345 3086 liber·(Lu‹i.
1360 2996 1450 3085 12).”

377 3121 489 3202 Quem
525 3124 702 3207 „numen”
737 3123 870 3192 Seneca
906 3123 963 3208 (ad
1000 3121 1071 3191 Pol.
1095 3120 1187 3207 123)
1213 3122 1330 3189 vivum
1354 3142 1451 3191 com·

333 3247 491 3334 pellarat,
522 3247 674 3316 eundem
700 3253 879 3316 mortuum
904 3247 1001 3315 caelo
1024 3247 1176 3314 eiectum
1200 3244 1294 3335 apud
1319 3245 1451 3313 inferos

334 3369 449 3440 liberti
488 3371 662 3440 famulum
700 3370 800 3460 lingit
835 3370 937 3457 (Lud.
974 3371 1034 3459 15)
1054 3371 1095 3458 ²).
1131 3369 1170 3437 ln
1205 3368 1451 3438 Consolatione

371 3579 402 3651 1)
442 3577 578 3639 llamoria
609 3577 818 3657 prudentiaque
850 3576 962 3638 Claudii
995 3594 1091 3637 revera
1124 3593 1179 3636 non
1213 3592 1331 3654 magnae
1360 3573 1449 3636 luisse

332 3691 474 3764 videntur,
496 3711 561 3755 uam
582 3701 611 3755 ct
631 3692 747 3754 Tacitus
767 3700 796 3754 et
816 3692 973 3754 Suetonius
993 3691 1029 3753 de
1051 3691 1087 3752 iis
1108 3690 1213 3752 similia
1236 3690 1365 3752 tradunt:
1384 3690 1449 3751 'lac

331 3806 364 3867 Α.
388 3807 453 3867 lllll
474 3809 508 3870 3:
536 3815 708 3886 „postquam
730 3808 763 3868 ad
786 3805 995 3887 providentiam
1016 3806 1244 3886 sapientiamque
1265 3806 1343 3867 llexit
1364 3805 1450 3880 (Nero

330 3920 359 3983 in
384 3922 545 3984 laudatione
567 3922 701 3996 Claudii),
722 3941 807 3984 nemo
829 3922 901 3983 risui
924 3922 1113 4001 temperare'’;
1135 3921 1252 3982 Sueten.
1275 3921 1315 3982 ut.
1336 3923 1387 3983 39:
1401 3921 1448 3992 „in

330 4055 365 4098 eo
397 4037 491 4100 mirati
521 4046 587 4100 sunl
622 4039 752 4100 homines
783 4046 812 4099 at
833 4038 1009 4100 oblivionem
1032 4051 1060 4099 et
1083 4036 1372 4099 inconsiderantiam”
1394 4039 1449 4114 (cl.

330 4155 395 4214 Tac.
417 4155 450 4214 Α.
473 4153 510 4215 lll
532 4156 597 4226 38);
620 4172 720 4215 verum
742 4172 799 4214 non
824 4153 861 4214 ila
885 4161 1040 4214 excusatur
1060 4152 1184 4214 Senecae
1204 4151 1450 4213 orationisineon·

329 4269 441 4332 stantia.

370 4388 400 4459 1)
441 4385 538 4465 Neque
572 4385 626 4446 boc
657 4385 760 4464 inepte,
793 4403 869 4462 nam,
891 4383 915 4446 si
937 4383 1101 4463 quisalius
1123 4383 1445 4463 imperatonClaudius

327 4517 417 4570 ..cum
439 4509 512 4561 esset
534 4500 643 4561 civium
664 4500 810 4572 dominus,
834 4500 1002 4561 libertorum
1023 4507 1083 4561 emt
1103 4499 1224 4561 servus”
1246 4499 1330 4576 (Plin.
1344 4499 1448 4580 Paneg.
