3792 5486
915 702 954 771 ut

377 910 510 986 contra,
535 905 650 992 quoad
677 924 739 992 per
764 901 939 970 Neronem
966 900 1065 968 licuit
1088 900 1147 986 (de
1171 899 1295 965 itinere
1309 893 1492 982 Aegyptia

376 1029 468 1118 quod
489 1029 626 1097 iuvenis
649 1028 814 1115 suscepit,
841 1026 916 1093 vide
941 1046 974 1114 p.
998 1023 1068 1114 18),
1090 1022 1254 1092 servabat
1270 1020 1492 1107 tenebatque,

376 1162 482 1242 atque
516 1175 606 1232 eam,
641 1175 710 1222 non
749 1153 964 1241 Hispaniam,
991 1151 1141 1240 patriam
1165 1167 1264 1215 suam
1292 1166 1329 1213 se
1353 1145 1493 1222 ducere,

375 1298 416 1347 eo
441 1279 533 1346 ctare
557 1278 734 1360 indicavit
758 1277 852 1365 quod
875 1277 912 1342 in
937 1275 1038 1344 Coris.
1064 1272 1107 1342 ad
1136 1272 1174 1340 H.
1203 1293 1247 1340 m.
1271 1269 1354 1355 (6.2)
1380 1268 1492 1336 vivide

376 1423 587 1471 concursum
622 1423 664 1470 ex
701 1402 898 1491 provinciis,
935 1399 1144 1487 municipiis
1177 1396 1321 1467 coloniis
1346 1395 1490 1463 Romam

377 1527 523 1616 pingens
559 1527 655 1595 nullu
690 1526 796 1594 verbo
832 1526 998 1593 lectorem
1036 1529 1154 1592 monet
1188 1543 1224 1590 se
1256 1539 1396 1610 quoque
1420 1520 1490 1586 iam

375 1673 525 1742 puerum
543 1672 585 1719 ex
610 1652 651 1718 iis
674 1651 791 1734 fuisse,
815 1669 903 1739 quos
927 1649 1071 1717 ambitio
1095 1648 1300 1716 adduxerat.
1324 1645 1490 1713 Attamen

376 1777 456 1843 inde
480 1775 624 1844 firmum
649 1780 898 1862 argumentum
914 1775 1056 1841 haurire
1069 1773 1249 1861 potuisset,
1263 1791 1333 1858 quo
1345 1768 1492 1835 demon-

373 1905 502 1969 straret
524 1900 590 1967 sibi
613 1899 754 1988 quidem
780 1899 923 1966 exilium
947 1918 1054 1987 grave
1078 1898 1238 1965 futurum
1265 1915 1333 1962 non
1358 1913 1491 1960 esse.—

418 2025 490 2092 Iam
519 2025 699 2092 videamus
721 2045 792 2114 quo
817 2023 913 2092 abire
938 2024 1058 2091 exules
1084 2024 1194 2089 nostri
1219 2020 1330 2090 coacti
1355 2019 1435 2085 sint.

417 2148 550 2230 Cicero
587 2154 757 2237 utsupra
781 2147 944 2230 diximus
970 2147 1054 2235 legis
1081 2146 1194 2213 verbis
1218 2147 1251 2212 in
1278 2151 1410 2213 certam
1437 2161 1491 2208 re·

372 2274 511 2361 gionem
546 2271 705 2342 inclusus
739 2293 808 2340 non
845 2281 922 2340 erat
956 2271 1015 2339 sed
1048 2292 1090 2338 ex
1122 2270 1222 2338 ltalia
1246 2275 1281 2336 et
1304 2268 1492 2336 circumia-

373 2397 534 2466 centibus
569 2398 673 2465 terris
704 2417 816 2487 usqua
849 2397 891 2464 ad
918 2398 1178 2485 quadringenta
1203 2395 1297 2462 milia
1322 2413 1489 2482 passuum

372 2522 546 2590 exclusus
573 2522 695 2610 Specie
718 2523 826 2612 igitur
851 2523 1011 2609 ingentes
1030 2523 1061 2588 ei
1087 2520 1254 2609 patebant
1268 2519 1372 2602 fines;
1386 2539 1490 2586 accu-

374 2648 485 2715 ratius
508 2653 626 2715 tamen
652 2647 889 2716 consideranti
915 2647 1043 2714 mirum
1068 2654 1240 2735 quantum
1268 2665 1327 2713 eos
1340 2643 1490 2712 coartari

372 2773 575 2860 apparet1).
600 2772 732 2840 Galliae
756 2769 916 2840 Caesaris
939 2778 1041 2838 erant
1054 2770 1242 2858 provincia.
1259 2770 1308 2836 De
1322 2767 1491 2856 Hispania

373 2903 408 2964 et
431 2895 551 2965 Africa
574 2896 696 2965 Cicero
719 2916 763 2964 ne
787 2896 953 2984 cogitavit
976 2895 1136 2984 quidem:
1161 2893 1195 2960 id
1216 2895 1248 2961 ei
1264 2895 1375 2960 visum
1389 2891 1489 2959 estin

375 3022 524 3089 madiam
541 3020 740 3089 barbariam
755 3022 816 3088 ire.
830 3020 867 3087 In
884 3021 1048 3098 Siciliam,
1061 3040 1212 3109 quorum
1226 3018 1359 3086 incolas
1372 3017 1490 3084 animo

372 3153 472 3233 grato
507 3144 572 3213 sibi
596 3146 671 3214 sore
696 3167 758 3234 pro
785 3145 932 3234 pristino
960 3145 1130 3214 beneficio
1155 3143 1329 3233 sperabat,
1354 3141 1488 3208 aditum

372 3274 578 3358 propraetor
612 3268 648 3338 G.
685 3269 858 3356 Vergilius
882 3268 1069 3356 abnegavit
1103 3270 1182 3358 (pro
1207 3268 1348 3337 Plancio
1371 3266 1489 3352 962».

372 3392 411 3460 ln
436 3393 619 3462 Graeciam
646 3400 764 3462 autem
788 3395 841 3462 ire
865 3415 935 3461 non
961 3400 1097 3483 poterat
1119 3399 1262 3482 propter
1276 3399 1408 3460 metum
1422 3390 1489 3457 ini-

372 3519 542 3587 micorum
568 3518 803 3607 quorundam,
817 3541 969 3610 quorum
984 3527 1125 3608 paratas
1138 3517 1283 3584 insidias
1297 3515 1332 3583 L.
1349 3515 1488 3582 Tubero

412 3824 441 3896 t)
484 3823 525 3884 Cf.
548 3823 712 3885 Horabin
736 3823 861 3885 Histoire
881 3823 917 3884 de
940 3823 1024 3884 rum
1045 3824 1080 3884 de
1103 3823 1220 3884 Cicdron
1243 3842 1268 3903 p.
1292 3826 1348 3884 tac
1371 3843 1433 3903 sqq.

412 3941 442 4012 ᾖ)
484 3939 601 4000 Smitb
633 3939 760 4014 (Ciceros
787 3941 913 4018 Journey
947 3939 1006 3999 into
1029 3939 1109 4001 Exile
1132 3959 1157 4019 p.
1181 3941 1241 4014 83),
1261 3939 1380 4001 miratus
1401 3940 1436 4001 da
1457 3960 1488 4000 ea

373 4072 402 4114 re
434 4053 543 4114 nullam
576 4054 750 4116 mentionem
784 4056 887 4116 iactam
914 4073 977 4116 esso
999 4055 1025 4116 in
1050 4056 1171 4134 epistula
1196 4056 1231 4115 ΙΙΙ
1255 4059 1273 4116 t
1294 4057 1327 4116 nd
1352 4058 1489 4128 Atticum,

372 4178 435 4248 post
464 4171 565 4230 rerba:
588 4178 639 4241 „ut
662 4171 732 4232 mibi
755 4172 828 4233 ultra
850 4171 1057 4250 quadringenta
1080 4172 1157 4232 milia
1181 4171 1277 4233 liceret
1299 4171 1379 4233 essc''
1402 4173 1488 4233 inseri

372 4285 446 4347 vult:
469 4286 576 4357 „simul
598 4287 707 4348 litterae
728 4307 744 4348 a
766 4289 892 4368 Vergilio
914 4297 1021 4359 nostro,
1043 4289 1150 4367 quibus
1172 4289 1350 4368 significabat
1370 4291 1488 4351 senotto

372 4419 418 4463 me
439 4402 469 4462 in
491 4400 587 4464 Sicilia
609 4405 701 4464 esse.'’
