3792 5486
891 663 955 733 171

361 863 582 934 salutabant:
607 862 725 949 „Tulit
747 863 876 932 Caesar
897 862 1070 953 graviter:
1093 861 1231 930 litterae
1255 860 1412 950 Capuam
1437 859 1481 928 ad

362 990 568 1080 Pompeium
602 989 719 1058 volare
743 988 953 1058 dicebantur
972 987 1032 1075 (ad
1057 988 1129 1057 Att.
1154 986 1311 1076 11193).
1335 986 1483 1054 Putarat

362 1113 492 1184 Caesar
514 1115 671 1183 oratione
695 1133 760 1182 sua
782 1133 884 1204 posse
906 1113 1039 1203 impelli
1063 1113 1274 1195 contionem,
1297 1117 1338 1178 ut
1357 1110 1424 1178 iret
1436 1107 1479 1178 ad

362 1237 547 1323 Bibulum3
584 1239 696 1307 multa
718 1259 801 1306 cum
825 1237 1085 1307 seditiosissime
1109 1237 1252 1321 diceret,
1276 1255 1397 1305 vocem
1421 1254 1481 1302 ex-

363 1364 515 1452 primere
550 1383 619 1432 non
645 1363 768 1452 potuit.
793 1361 884 1442 Quid
908 1337 1071 1451 quaeris?
1095 1361 1260 1431 Sentiunt
1283 1379 1319 1428 se
1346 1357 1480 1427 nullam

363 1485 468 1555 ullius
499 1488 610 1577 partis
641 1487 857 1556 voluntatem
882 1494 1003 1556 tenere
1027 1485 1170 1575 (at.5).”
1195 1485 1316 1556 Cicero
1340 1504 1481 1575 quoque

361 1611 474 1680 serius
500 1611 674 1681 intellexit
695 1612 741 1679 ab
760 1631 801 1680 eo
825 1613 944 1681 omnia
968 1612 1139 1701 pendere:
1161 1611 1352 1696 „Varronis
1364 1629 1481 1678 sermo

361 1734 446 1804 lacit
468 1737 766 1825 exspectationem
791 1736 960 1822 Caesaris,
984 1743 1091 1826 atque
1116 1737 1251 1804 utinam
1273 1723 1346 1823 ipsc
1370 1735 1480 1804 Varro

362 1859 546 1928 incumbat
575 1860 612 1928 in
647 1861 809 1930 causam!
844 1862 906 1949 (ib.
941 1860 989 1930 ΙΙΙ
1019 1860 1106 1946 15.3,
1139 1861 1182 1931 ci.
1207 1860 1382 1950 imprimis
1405 1857 1480 1928 tal

363 2004 397 2073 p.
432 1982 498 2052 168
521 2005 571 2074 sq.
596 1985 741 2072 citat.).'’
766 1984 834 2054 Sed
858 1984 975 2054 denuo
999 1985 1142 2075 Pompei
1166 1993 1201 2053 et
1224 1984 1383 2054 Caesaris
1406 1988 1482 2051 stu-

363 2108 461 2177 dium
498 2129 541 2178 ex
576 2128 689 2199 aequo
718 2108 852 2178 iudicat
874 2110 918 2178 ad
942 2109 966 2178 f.
990 2110 1070 2179 XlV
1094 2109 1158 2179 ta.
1185 2108 1338 2189 Quintus
1361 2113 1481 2176 autem

364 2232 476 2302 frater
511 2253 574 2323 pro
604 2232 823 2303 oboedientia
856 2234 977 2316 Marci,
1007 2235 1037 2304 si
1061 2235 1195 2303 reditus
1219 2231 1481 2318 concederetur,

366 2358 460 2448 apud
485 2357 670 2428 Caesarem
698 2360 936 2429 vadimonium
956 2361 992 2428 in
1013 2356 1482 2448 serecepit(adf.19.9).-

407 2482 490 2551 Post
520 2482 673 2552 reditum
701 2485 736 2552 in
763 2485 882 2553 multis
905 2484 1012 2554 rebus
1036 2484 1176 2555 Caesam
1202 2503 1335 2553 morem
1358 2501 1480 2571 gerere

362 2613 505 2676 coactus
527 2608 663 2686 estiis
688 2613 726 2677 ut
749 2609 855 2677 etiam
880 2608 1009 2678 librum
1034 2608 1297 2697 scriberetque
1320 2606 1480 2677 Caesaris
1531 2609 1536 2619 '

362 2738 441 2801 acta
472 2729 637 2821 probaret
671 2732 731 2819 (ad
756 2732 828 2801 Att.
853 2732 898 2802 lV
921 2733 1003 2821 5.i),
1027 2733 1208 2802 Vatinium
1232 2737 1267 2800 et
1291 2730 1479 2800 Gabinium

361 2855 576 2942 defenderet,
600 2856 752 2924 alterum
776 2864 901 2947 rogatu
925 2857 1095 2942 Caesaris,
1115 2857 1266 2926 alterum
1281 2856 1481 2946 postulante

363 2981 545 3070 Pompeio:
570 2981 752 3067 „Caesaris
776 2990 816 3051 ut
834 2982 933 3051 illum
947 2983 1185 3066 defenderem,
1200 2982 1288 3050 mira
1301 2981 1479 3050 contentio

362 3111 415 3175 est
449 3112 637 3174 consecuta
672 3106 729 3191 (ad
766 3106 789 3175 f.
826 3105 968 3196 Ι9.19).
997 3107 1157 3188 Quocum
1184 3127 1239 3174 me
1263 3107 1291 3174 si
1311 3113 1394 3173 ante
1417 3104 1479 3175 Cn.

362 3229 505 3320 Pompei
541 3231 733 3299 auctoritas
768 3232 804 3298 in
839 3233 990 3320 gratiam
1023 3253 1091 3300 non
1113 3231 1376 3299 reduxisset...
1400 3231 1481 3318 (pro

362 3353 446 3424 Rab.
471 3353 540 3443 19).
574 3354 610 3425 Si
634 3375 689 3424 me
713 3356 864 3424 invitum
888 3362 1003 3446 putas,
1026 3377 1071 3424 ne
1088 3356 1149 3427 Cu.
1163 3355 1307 3445 Pompei
1319 3354 1478 3422 animum

361 3479 587 3564 oilenderem,
611 3478 819 3559 defendisse,
842 3488 878 3549 et
901 3481 1004 3550 illum
1025 3490 1060 3550 et
1073 3501 1128 3549 me
1144 3480 1369 3549 vehementer
1380 3481 1480 3568 igno-

361 3623 420 3672 ras
464 3603 525 3691 (ib.
561 3603 615 3672 33.
650 3603 713 3673 Hic
748 3606 842 3673 enim
877 3605 970 3694 vulgi
1006 3626 1114 3696 quam
1150 3605 1329 3676 Ciceronis
1366 3605 1480 3673 verbis

363 3729 475 3798 maior
498 3727 584 3797 fides
609 3729 769 3798 habenda
792 3730 893 3817 est).'’
918 3729 1015 3810 Quae
1039 3731 1158 3798 omnia
1181 3737 1300 3798 tamen
1321 3729 1479 3800 Ciceroni

363 3853 535 3942 mitigavit
569 3852 728 3923 Caesaris
762 3855 909 3923 comitas
942 3862 978 3922 et
1012 3855 1147 3924 indoles
1181 3853 1353 3939 amabilis,
1388 3874 1479 3944 quae

361 3977 445 4046 fecit
467 3984 507 4046 ut
529 3979 564 4045 in
590 3978 823 4047 disiunctione
847 3980 1042 4048 sententiae
1066 3979 1244 4050 coniuncti
1258 3987 1376 4047 tamen
1390 3980 1480 4048 ami-

362 4102 444 4172 citia
468 4108 654 4172 manerent
676 4103 735 4190 (de
760 4123 856 4193 prov.
880 4123 975 4173 cons.
999 4102 1069 4192 40).
1093 4143 1137 4154 -

407 4226 547 4296 Tertius
581 4229 756 4308 triumvir,
792 4228 838 4297 M.
874 4228 1080 4297 Licinius
1114 4229 1316 4312 Crassus,
1347 4228 1383 4296 in
1406 4230 1481 4318 epi-

362 4350 464 4444 stulis
498 4350 675 4421 Ciceronis
701 4373 868 4442 magnum
893 4353 1008 4422 locum
1030 4374 1101 4422 non
1125 4352 1270 4438 obtinet,
1294 4361 1330 4421 et
1353 4374 1480 4443 quam-
