3792 5486
952 699 1018 768 144

464 895 645 963 Feminam
660 895 693 963 in
708 895 937 964 defendendis
952 896 1068 964 mariti
1081 895 1187 965 rebus
1200 916 1276 964 rem
1289 895 1378 964 bene
1391 897 1539 984 gessisse

420 1040 529 1108 supra
563 1021 632 1088 iam
668 1019 802 1088 dictum
838 1028 901 1104 est,
937 1041 1051 1110 neque
1086 1021 1202 1103 amici,
1226 1021 1269 1088 de
1293 1021 1423 1110 quibus
1446 1021 1540 1090 infra

419 1164 604 1233 exponam,
639 1166 722 1214 eum
757 1146 1002 1214 destituerunt.
1042 1146 1152 1214 Maior
1184 1147 1292 1234 igitur
1327 1165 1409 1234 pars
1432 1165 1538 1234 opum

420 1270 512 1338 exuli
553 1278 759 1339 conservata
794 1278 857 1354 est,
893 1291 1110 1360 quamquam
1146 1291 1206 1339 eas
1240 1272 1308 1338 iter
1344 1270 1471 1340 Tomos
1506 1277 1540 1339 et

420 1395 587 1462 comitum
613 1394 769 1464 trauain
794 1397 919 1464 itinere
943 1402 1190 1465 attenuarunt:

539 1556 601 1616 Nec
622 1557 676 1616 tibi
695 1557 732 1616 de
753 1558 843 1616 Pario
864 1563 1004 1630 statuam,
1026 1559 1213 1629 Germanice,
1235 1558 1378 1636 templum

580 1673 744 1732 Marmore:
767 1675 877 1751 carpsit
898 1693 968 1752 opes
989 1674 1042 1733 illa
1063 1676 1151 1733 ruina
1174 1693 1264 1734 meaa

1159 1791 1211 1870 (ex
1232 1791 1266 1850 P.
1287 1791 1331 1849 1v
1353 1793 1420 1851 8.3l
1442 1794 1500 1869 aq.)

540 1949 618 2018 Quid
640 1949 766 2009 referam
789 1951 991 2029 comitumque
1012 1952 1096 2011 nefas
1117 1952 1304 2030 famulosque
1324 1954 1484 2012 nocentes?

579 2066 648 2143 Ipsa
670 2067 764 2126 multa
784 2067 839 2126 tuli
862 2086 921 2127 nou
945 2068 1059 2128 leviora
1079 2068 1161 2146 luga.

1158 2184 1220 2258 t'l'r.
1249 2183 1293 2241 IV
1316 2184 1421 2242 10.101
1444 2187 1500 2260 sq.)

537 2298 631 2357 Recta
652 2297 724 2356 fides
745 2299 885 2358 comitum
909 2303 1024 2376 poterat
1047 2299 1124 2358 mala
1146 2305 1248 2358 nostra
1268 2299 1386 2374 lerar03

579 2414 681 2472 Dilata
701 2419 746 2472 eet
767 2414 869 2491 spoliis
890 2414 1004 2492 perlida
1025 2415 1114 2474 turba
1136 2415 1218 2474 meis.

1089 2587 1090 2592 ,
1172 2531 1221 2608 (ex
1243 2530 1276 2590 P.
1299 2531 1331 2588 11
1353 2531 1419 2590 l.61
1442 2531 1499 2610 sq.)

420 2661 542 2751 ltaque
567 2681 757 2750 pauperem
783 2683 819 2730 sa
843 2661 959 2731 dicere
984 2666 1108 2752 potuit,
1132 2663 1394 2751 comparatione
1406 2662 1537 2732 scilicet

419 2806 501 2854 cum
524 2791 619 2854 statu
644 2786 759 2875 priore
783 2787 955 2867 instituta,
980 2809 1060 2856 cum
1087 2789 1246 2877 coniugis
1269 2807 1409 2876 quoque
1424 2787 1538 2856 facul·

421 2917 509 2979 tates
536 2911 567 2978 ei
594 2916 732 3000 praesto
755 2916 889 2980 essent:

619 3037 753 3095 Fortuna
773 3042 818 3094 est
839 3037 935 3114 impar
955 3037 1064 3114 animo,
1086 3038 1199 3114 talique
1220 3037 1348 3096 libenter

659 3151 793 3228 Exiguae
813 3171 901 3229 carpo
923 3170 1046 3211 munere
1068 3171 1180 3230 pauper
1200 3171 1280 3230 opes.

1128 3272 1179 3341 (ex
1201 3268 1234 3325 P.
1257 3267 1301 3324 IV
1322 3268 1409 3326 alul
1432 3267 1497 3343 aa),

420 3407 664 3468 verumtamen
699 3400 791 3468 inter
827 3400 929 3479 mala,
964 3420 1056 3488 quae
1088 3399 1234 3469 Ovidius
1265 3419 1451 3489 perpessus
1473 3404 1535 3482 est,

419 3529 555 3611 egestas
578 3545 648 3592 non
673 3524 750 3608 fuit,
775 3530 810 3591 et
834 3525 868 3591 in
883 3523 948 3592 hac
968 3524 1109 3613 quidem
1124 3544 1162 3592 re
1175 3523 1342 3593 Cicerone
1355 3529 1391 3592 et
1402 3523 1536 3594 Seneca

419 3649 487 3717 suit
510 3649 654 3718 felicior.
680 3688 718 3697 -

464 3775 514 3841 De
548 3773 674 3862 opibus
709 3776 906 3843 Senecae
941 3780 1022 3842 aute
1050 3772 1144 3841 exilii
1167 3781 1309 3863 tempus
1333 3773 1398 3842 hoc
1423 3793 1535 3840 uuum

419 3906 542 3967 notum
578 3905 642 3978 est,
679 3905 826 3966 matrem
863 3899 1115 3986 patrimonium
1151 3899 1228 3965 eius
1258 3899 1342 3965 satis
1377 3895 1533 3985 amplum

419 4023 518 4105 (nam
563 4023 769 4111 locupletem
814 4043 851 4090 se
885 4023 960 4111 ipse
995 4022 1164 4112 appellat)
1203 4022 1466 4090 administrasse
1501 4027 1537 4087 et

419 4148 571 4214 auxisse:
604 4147 676 4229 „Tu
704 4146 774 4216 lilia
798 4146 951 4216 familiae
975 4146 1208 4237 locupletibus
1233 4147 1312 4215 liliis
1335 4145 1428 4214 ultro
1452 4165 1536 4214 cou-

420 4270 541 4338 tulisti.
566 4271 617 4338 Tu
643 4273 855 4360 patrimonia
875 4279 996 4340 nostra
1018 4273 1067 4341 sic
1092 4271 1356 4354 administrasti,
1380 4276 1421 4338 ut
1444 4275 1535 4338 tam-

421 4415 529 4483 quam
563 4396 599 4463 in
635 4397 705 4464 tuis
739 4395 929 4481 laborares,
964 4402 1147 4487 tamquam
1171 4395 1294 4464 alienis
1317 4391 1534 4462 abstineres'’
