3734 5518
757 1901 1052 2013 CAPUT
1091 1900 1209 2008 HI.

901 2173 1055 2190 ΜΛ

525 2383 589 2474 DE
633 2380 913 2476 IGNOMINIA
963 2381 1183 2476 NOMINIS
1235 2381 1430 2476 EXULlS.

463 2663 555 2732 Olim
580 2669 721 2751 tempus
744 2662 822 2744 suit,
846 2683 916 2751 quo
940 2665 1055 2731 omnis
1078 2665 1286 2752 peregrinus
1311 2663 1536 2734 hostisvoea·

418 2789 523 2856 batur
557 2788 699 2856 nomine
715 2788 745 2875 ¹)
769 2794 804 2855 et
828 2807 951 2855 revera
977 2788 1086 2856 hostis
1109 2787 1184 2857 loco
1208 2793 1295 2866 erat,
1319 2788 1450 2877 quippe
1474 2788 1534 2877 qui

417 2914 494 2981 iure
528 2911 709 2980 frueretur
743 2911 850 2980 nullo.
879 2910 924 2979 lis
951 2912 1059 3000 igitur
1081 2910 1301 3001 temporibus
1321 2910 1478 2996 exitium,
1500 2911 1535 2979 id

416 3044 470 3105 est
503 3036 655 3106 civitatis
689 3037 878 3125 ademptio,
915 3056 1027 3125 poena
1062 3043 1140 3105 erat
1176 3046 1290 3106 morte
1313 3057 1383 3105 non
1409 3037 1535 3105 levior:
1574 3083 1631 3134 w

416 3161 617 3241 damnatus,
652 3162 794 3231 civitate
829 3181 893 3230 sua
927 3161 1095 3250 privatum
1119 3161 1270 3229 alienam
1294 3161 1441 3250 adipisci
1465 3181 1533 3229 non
1554 3133 1580 3172 ³⁶

357 3369 384 3416 N
417 3293 556 3375 poterat
578 3292 613 3354 et
638 3285 876 3355 misericordia
900 3285 983 3369 sola
1007 3285 1104 3354 nulio
1128 3287 1215 3355 iuris
1237 3285 1349 3355 civilis
1368 3285 1536 3368 subsidio,

417 3429 563 3499 peregre
588 3410 695 3478 vitam
719 3409 951 3479 sustentabat.

324 3510 328 3526 ’
463 3532 526 3602 llla
560 3553 602 3601 ex
627 3534 848 3624 antiquitate,
873 3545 913 3601 ut
937 3533 1031 3622 leges
1057 3535 1168 3604 multo
1190 3534 1327 3604 tardius
1352 3539 1537 3603 mutantur

417 3679 525 3748 quam
569 3679 693 3742 morea,
741 3666 839 3727 vetus
877 3660 1078 3727 institutum
1115 3659 1245 3728 Romae
1281 3660 1461 3741 remansit,
1497 3665 1537 3726 ut

416 3783 527 3852 cuivis
551 3783 665 3851 ultimi
690 3783 852 3873 supplicii
876 3783 1110 3852 condemnato
1134 3784 1229 3873 optio
1242 3783 1400 3868 daretur,
1412 3789 1533 3852 utrum

418 3908 525 3976 vitam
549 3907 616 3976 sibi
638 3908 746 3976 adimi
770 3929 815 3976 an
841 3907 926 3977 civis
951 3907 1098 3976 Romani
1122 3908 1263 3977 nomine
1287 3909 1535 3977 amissoomne

419 4030 598 4100 vinculum
630 4031 724 4120 quod
756 4031 822 4101 sibi
846 4052 927 4101 cum
953 4032 1088 4102 civibus
1111 4033 1184 4101 suis
1207 4039 1300 4101 esset
1322 4032 1535 4121 abrumpere

417 4156 547 4225 mallet.
590 4155 690 4237 Quod
733 4157 801 4246 legi
836 4158 927 4226 idem
964 4163 1050 4240 erat,
1087 4177 1170 4226 nam
1206 4159 1267 4246 qui
1292 4157 1424 4226 nullius
1448 4158 1536 4226 iuris

421 4331 628 4339 ————·—.—

458 4426 489 4497 1)
531 4422 621 4485 Varro
642 4423 706 4484 L.L.
727 4423 751 4484 V
772 4424 796 4504 ὃ
818 4427 845 4496 3,
867 4424 924 4486 Cic.
946 4424 982 4485 de
1005 4425 1060 4486 011.
1082 4425 1093 4485 1
1117 4427 1166 4488 37.
