3734 5518
828 714 871 783 17

287 913 360 1002 ipse
395 912 615 1001 Pythagorae
650 919 686 982 et
720 913 828 983 Sextii
851 912 1120 1002 obtemperabat
1143 913 1340 1002 praeceptis
1363 949 1406 961 -

287 1057 350 1125 per
368 1037 547 1125 integrum
570 1056 705 1106 annum
729 1056 835 1105 carne
859 1055 896 1104 se
918 1034 1140 1121 abstinuerit,
1165 1036 1276 1105 donec
1305 1043 1406 1126 pater

286 1160 441 1229 edictum
466 1159 594 1228 Tiberii
613 1161 642 1244 1)
664 1161 701 1230 in
727 1157 874 1228 Iudaeos
898 1166 1065 1229 causatus
1088 1160 1286 1229 austeritati
1299 1159 1405 1229 finem

286 1284 454 1373 imposuit
488 1304 575 1368 „nec
606 1283 815 1354 difficulter”
848 1283 919 1353 lilio
958 1283 1133 1373 persuasit
1165 1290 1206 1353 ut
1228 1285 1407 1354 omitteret

288 1407 1404 1497 hancconsuetudinem-utHeikel(p.5)etDiepenbrock

288 1542 381 1601 recte
412 1533 611 1620 observant,
645 1534 681 1601 in
717 1533 850 1602 Seneca
878 1532 1034 1622 primum
1057 1531 1310 1601 documentum
1332 1553 1406 1602 mo-

287 1677 366 1726 rum
391 1657 580 1726 facilitatis.
604 1657 671 1726 Sed
696 1665 797 1746 pater
820 1655 900 1741 fine,
924 1676 1031 1746 quem
1055 1661 1249 1746 optaverat,
1262 1657 1404 1726 excidit:

287 1780 420 1850 invisae
436 1781 466 1870 2)
502 1780 742 1870 philosophiae
778 1781 871 1850 lilius
903 1779 1008 1848 fidem
1040 1780 1204 1850 servabat
1226 1787 1262 1850 et
1285 1780 1405 1862 Attali.

287 1906 392 1995 pn'mi
426 1904 556 1974 Romae
593 1905 699 1974 Stoici
718 1907 757 1991 ³),
783 1903 976 1992 discipulus
999 1903 1115 1972 lactus
1142 1911 1205 1985 est,
1229 1905 1275 1973 ad
1298 1926 1405 1995 quem

286 2048 367 2098 eum
402 2029 477 2118 ipsc
507 2033 609 2119 pater
632 2050 714 2098 cum
738 2029 848 2097 fratre
869 2027 1005 2098 Novato
1025 2029 1139 2113 duxit,
1163 2029 1256 2118 quod
1280 2029 1405 2098 iacun·

286 2152 379 2222 diam
415 2153 653 2222 admiraretur
684 2153 815 2242 eius4).
852 2153 949 2222 Licet
972 2154 1183 2242 plerumque
1207 2153 1406 2244 philosophi

286 2277 329 2344 ad
354 2276 611 2366 rempublicam
635 2293 707 2346 nou
731 2278 940 2348 accederent
957 2277 999 2366 ὅ),
1035 2276 1192 2346 nondum
1205 2277 1405 2346 tamenim-

286 2400 458 2490 perabant
492 2422 514 2469 a
549 2401 620 2470 vita
650 2401 792 2490 publica
823 2399 1071 2470 abstinentiam
1098 2406 1133 2469 et
1156 2400 1288 2470 Seneca
1312 2401 1406 2470 facta

285 2525 387 2614 copia
409 2525 559 2594 libenter
572 2526 694 2610 utitur,
707 2545 903 2613 numquam
917 2532 1036 2594 autem
1051 2524 1170 2594 datam
1184 2526 1404 2594 occasionem

286 2650 536 2738 praetermittit
559 2650 779 2740 paupertatis
798 2650 939 2718 laudern
953 2649 1101 2718 canendi
1117 2653 1145 2734 6)
1157 2657 1192 2717 et
1206 2651 1405 2718 ostentandi

287 2773 464 2861 paradoxa
498 2773 618 2863 qualia
652 2779 735 2841 sunt
763 2773 925 2863 „sapiens
956 2773 1051 2841 solus
1082 2774 1190 2859 dives,
1213 2773 1309 2842 solus
1332 2795 1404 2860 rex,

285 2897 381 2967 solus
404 2898 519 2968 iustus
542 2899 619 2968 etc”
634 2901 675 2986 7).

326 3122 355 3194 l)
395 3120 460 3182 San.
482 3123 649 3201 ephotar
671 3120 938 3200 lliepenbrock
959 3123 1038 3200 p.28
1060 3120 1270 3200 Nipperdey
1292 3120 1404 3183 adlac.

284 3222 366 3296 Ajll
387 3239 435 3298 85.
1142 3227 1145 3236 ’

324 3352 355 3424 2)
395 3349 460 3412 Sen.
482 3351 533 3422 l.l.‚
553 3350 598 3413 ad.
621 3351 655 3412 H.
678 3369 715 3412 rn.
738 3354 809 3412 lla
830 3351 972 3413 Gerche
993 3371 1020 3433 p.
1044 3355 1112 3415 305.

323 3464 354 3543 3)
394 3463 466 3526 Nam
487 3465 603 3528 Sextius
625 3466 1231 3548 hoonomenaspernabaturSen.ep.dha
1253 3468 1405 3549 Dispen-

285 3577 397 3641 brock
418 3598 446 3660 p.
468 3583 517 3643 25.

323 3697 355 3774 l)
395 3695 1405 3780 Sen.rh.suas.i.l2(p.llB,p.l'l-l8ll)lliapenbrochp.28·

325 3811 356 3890 ll)
396 3810 461 3872 Vid.
492 3811 749 3892 Diopenbrook
782 3831 808 3892 p.
843 3815 881 3875 30
912 3815 1010 3890 (Zeno,
1032 3816 1193 3887 Cleanthes,
1215 3816 1405 3896 Chrysippus)

283 3944 311 4006 p.
333 3929 372 3988 aa
391 3927 532 4006 (Sextius)
552 3946 580 4008 p.
604 3930 643 3991 30
663 3928 821 4004 (Fabianus
843 3929 996 4009 Papirius).

324 4045 355 4116 6)
394 4042 459 4104 Vid.
482 4043 804 4106 Haasiiindicernsr.
823 4064 961 4125 pauper
976 4053 1004 4108 et
1020 4055 1234 4126 paupertas,
1253 4045 1404 4126 lliepen-

283 4157 401 4219 broch
423 4177 451 4238 p.
473 4161 601 4221 30-31.

322 4275 353 4348 7)
393 4273 457 4336 Vid.
480 4273 578 4337 Horat.
601 4275 729 4355 epil.
752 4279 820 4347 loo,
843 4283 897 4338 sat.
918 4276 930 4337 l
953 4278 980 4338 3.
1003 4279 1062 4338 lat
1074 4285 1100 4338 et
1113 4295 1187 4356 quos
1199 4276 1238 4338 ibi
1251 4277 1404 4339 conterunt

282 4387 460 4468 interpretes.
1264 4477 1280 4530 2
