3734 5518
872 664 918 732 45

330 861 374 931 lit
411 861 554 952 quidem
590 869 674 931 sunt
707 883 729 932 a
763 868 798 932 te
832 863 1007 953 quaedam
1042 863 1245 932 sumendae.
1281 863 1349 932 lias
1383 884 1448 952 ego

330 992 468 1076 oportet
491 987 713 1076 perspiciam,
736 988 929 1076 corrigam:
953 995 1030 1056 tum
1055 987 1207 1077 deniqne
1231 989 1415 1058 edentur.’'

377 1112 441 1182 llic
475 1133 548 1181 una
581 1111 769 1182 difficultas
803 1118 867 1197 est,
898 1132 981 1182 nam
1006 1113 1182 1198 Tironem,
1206 1115 1266 1203 qui
1291 1114 1450 1184 Ciceroni

332 1257 472 1326 semper
506 1258 527 1305 a
562 1258 671 1306 manu
705 1244 807 1322 esset,
833 1257 895 1326 per
917 1238 1095 1328 integrum
1120 1259 1253 1307 annum
1278 1259 1348 1308 non
1371 1238 1452 1328 plus

333 1363 557 1452 septuaginta
590 1362 759 1451 epistulas
794 1361 957 1451 colligere
992 1363 1158 1453 potuisse,
1193 1384 1297 1434 nemo
1321 1362 1451 1432 credet.

333 1487 517 1569 Quomodo
552 1487 650 1557 loeus
681 1487 861 1556 sanandus
884 1488 939 1571 sit,
963 1508 1034 1556 non
1058 1487 1161 1556 facile
1184 1488 1280 1557 dictu
1304 1494 1367 1570 est,
1391 1487 1451 1556 sed

336 1611 420 1680 mihi
445 1612 587 1700 quidem
614 1633 683 1682 non
707 1611 950 1702 improbabilis
973 1613 1452 1682 videturBardtiiconiee·

336 1742 419 1805 tura
441 1736 490 1826 (p.
517 1735 578 1806 Vll
602 1756 684 1805 ann.
708 1737 745 1825 1)
769 1737 852 1806 olim
880 1737 1051 1826 seriptum
1076 1738 1201 1806 fuisse:

423 1914 484 1982 sed
509 1914 615 1984 habet
639 1915 720 1984 'liro
743 1916 855 1983 instar
879 1915 985 2006 hepta

425 2037 613 2129 [tenohon;
639 2039 725 2109 baec
748 2039 934 2128 diligenter
956 2048 1010 2109 est
1033 2039 1096 2130 au]

425 2164 557 2252 genda3
577 2171 614 2233 et
633 2164 776 2252 quidem
793 2171 913 2232 sunta
929 2170 964 2233 te
981 2164 1155 2252 quaedam
1172 2165 1375 2250 sumendae,

336 2342 371 2409 in
414 2340 554 2430 quibus,
597 2349 783 2433 postquam
827 2341 1004 2411 secundus
1038 2341 1216 2411 intercidit
1251 2361 1382 2423 versus,
1416 2343 1452 2410 in

339 2468 439 2555 peius
481 2474 679 2536 correctum
724 2473 777 2536 est
813 2467 1090 2556 ,.septuaginta''.
1127 2466 1165 2534 Id
1201 2467 1279 2535 ideo
1313 2466 1455 2550 arridet,

339 2592 422 2678 quia
457 2598 595 2660 constat
630 2592 842 2681 posteriores
872 2610 1012 2680 semper
1046 2611 1110 2680 per
1144 2591 1279 2661 libellos
1309 2591 1454 2660 laudare

337 2714 380 2782 ad
416 2715 573 2805 singulas
607 2715 707 2784 datos
741 2735 910 2804 personas
943 2715 989 2805 (e.
1024 2735 1056 2804 g.
1081 2716 1138 2799 „in
1165 2715 1255 2786 libro
1280 2716 1326 2784 M.
1351 2715 1455 2784 Tullii

337 2839 569 2927 epistularum
604 2841 648 2908 ad
684 2842 758 2910 Ser.
794 2838 1011 2929 Sulpicium’'
1055 2839 1142 2909 Gell.
1173 2841 1238 2909 Xll
1259 2839 1312 2908 l3.
1336 2840 1454 2929 21)1)‚

337 2964 387 3031 ita
422 2969 462 3031 ut
495 2963 616 3034 Cicero
651 2964 786 3035 Graeco
821 2967 953 3049 τεύχους
987 2965 1158 3035 vocabulo
1193 2987 1278 3035 usus
1313 2966 1359 3034 sit
1392 2985 1456 3054 pro

338 3106 391 3170 eo,
422 3088 516 3176 quod
552 3087 669 3178 Nepos
693 3089 771 3178 (ll.)
796 3090 919 3160 Latine
945 3091 1107 3160 volumen
1132 3091 1226 3161 dicit.
1273 3090 1371 3171 Quae
1393 3109 1456 3158 eae

340 3218 402 3281 aut
447 3213 672 3303 septuaginta
717 3215 889 3303 epistulae
934 3221 996 3284 aut
1042 3220 1176 3304 septem
1222 3214 1454 3304 epistularum

341 3335 421 3404 libri
456 3337 600 3423 fuerint,
634 3339 671 3406 in
707 3338 814 3408 dubio
849 3339 1120 3429 relinquendum
1145 3345 1208 3408 est.
1234 3338 1313 3408 Non
1336 3346 1456 3407 tamen

340 3462 487 3530 fuerunt
539 3482 630 3551 quae
680 3463 723 3532 ad
772 3464 973 3532 Terentiam
1023 3484 1170 3534 uxorem
1215 3464 1318 3533 datae
1363 3469 1459 3548 sunt,

341 3587 474 3677 quippe
521 3587 650 3676 quibus
700 3589 840 3658 nonnisi
894 3609 950 3657 res
997 3590 1154 3678 privatae
1202 3589 1337 3657 minimi
1384 3608 1458 3656 mo-

344 3713 453 3780 menti
491 3718 690 3781 tractentur
724 3714 879 3802 exeeptis
913 3713 1006 3782 exilii
1040 3712 1270 3803 temporibus,
1305 3731 1458 3801 quornm

341 3835 503 3904 intimam
527 3837 762 3926 cognitionem
788 3838 891 3927 vulgo
914 3837 1125 3926 impertiisse
1153 3837 1357 3906 Ciceronem
1381 3856 1458 3905 cre·
1566 3839 1568 3844 ’

342 3959 448 4030 dibile
482 3982 553 4031 non
588 3967 651 4030 est.
698 3961 940 4051 Epistularum
972 3971 1090 4031 autem
1123 3963 1166 4030 ed
1206 3961 1353 4029 fratrem
1388 3967 1460 4028 tres

341 4090 481 4154 tantum
518 4085 598 4154 libri
631 4091 781 4171 exstant,
816 4085 945 4175 quibus
968 4085 1140 4175 epistulae
1162 4086 1285 4154 insunt
1314 4085 1396 4154 inde
1416 4085 1461 4153 ab

385 4363 415 4436 l)
457 4360 859 4442 llosmann-Sternliopl
875 4380 902 4442 p.
923 4363 943 4423 8
963 4368 992 4422 et
1012 4364 1060 4422 l0.
