3792 5486
942 707 1009 774 158

411 903 492 973 Sine
516 903 613 988 alios,
638 905 699 993 qui
724 909 881 992 possunt,
905 905 935 972 si
957 904 1063 973 modo
1087 904 1220 984 volunt,
1244 905 1419 974 sustinere
1432 905 1493 992 (ad
1505 905 1529 973 s.

409 1027 488 1097 XIV
523 1027 605 1118 23).
641 1027 740 1108 Quod
772 1030 802 1097 si
825 1029 954 1098 nostris
978 1029 1130 1098 consiliis
1155 1031 1209 1099 usi
1232 1049 1389 1099 essemus
1412 1050 1528 1119 neque

408 1153 502 1242 apud
537 1173 601 1222 nos
636 1158 777 1223 tantum
812 1153 977 1223 valuisset.
1000 1175 1117 1225 sermo
1140 1162 1203 1224 aut
1225 1156 1416 1225 stultorum
1440 1157 1529 1225 ami-

408 1298 530 1347 cornm
555 1288 618 1347 aut
640 1279 895 1369 improborum,
921 1279 1111 1349 beatissimi
1138 1283 1334 1350 viveremus
1347 1280 1409 1370 (ib.
1422 1280 1527 1367 l.2).”

452 1402 534 1472 Post
559 1403 710 1473 reditum
736 1425 877 1495 quoque
900 1406 1048 1475 eandem
1062 1407 1158 1476 illam
1172 1407 1372 1499 opinionem
1385 1407 1527 1496 quando

407 1549 428 1597 a
451 1528 614 1617 pluribus
637 1531 781 1598 auditur
804 1531 968 1601 retinuit:
993 1531 1104 1616 „Cum
1130 1553 1212 1602 vero
1233 1533 1271 1600 in
1285 1532 1376 1602 hanc
1396 1533 1524 1622 reipu-

407 1653 518 1724 blicae
552 1674 691 1738 navem,
727 1655 858 1746 ereptis
882 1657 1021 1725 senatui
1044 1655 1295 1745 gubernaculis
1325 1657 1524 1726 fluitantem

405 1779 440 1847 in
476 1778 547 1848 alto
582 1780 852 1870 tempestatibus
874 1781 1086 1851 seditionum
1111 1803 1152 1852 ac
1176 1781 1443 1863 discordiarum,
1466 1803 1524 1851 ar-

405 1909 522 1972 matae
553 1910 604 1973 tot
636 1903 775 1987 classes,
800 1905 866 1974 nisi
889 1925 954 1994 ego
974 1925 1088 1974 essem
1112 1926 1206 1974 unus
1229 1906 1379 1989 deditus,
1403 1907 1524 1976 incur·

404 2047 509 2098 surae
541 2027 755 2114 viderentur,
779 2050 861 2098 cum
886 2031 1105 2121 proscriptio,
1129 2030 1265 2114 caedes,
1288 2031 1438 2123 direptio
1462 2032 1523 2100 de·

403 2153 640 2238 nuntiaretur,
675 2173 757 2223 cum
792 2153 852 2222 alii
886 2174 942 2222 me
977 2155 1175 2245 suspicione
1207 2156 1353 2245 periculi
1377 2158 1433 2226 sui
1452 2178 1521 2226 non

405 2278 644 2364 defenderent,
669 2279 727 2348 alii
752 2285 870 2349 vetere
897 2280 976 2349 odio
1000 2280 1173 2350 bonorum
1197 2281 1443 2366 incitarentur,
1462 2282 1522 2351 alii

402 2404 611 2488 inviderent,
646 2404 706 2473 alii
740 2403 880 2474 obstare
911 2404 977 2474 sibi
1009 2425 1065 2473 me
1089 2404 1359 2486 arbitrarentur,
1384 2406 1442 2475 alii
1466 2406 1521 2475 ul·

402 2529 485 2598 cisci
518 2529 675 2599 dolorem
710 2529 864 2620 aliquem
900 2551 1004 2604 suum
1040 2530 1181 2608 vellent.
1217 2531 1277 2601 alii
1308 2552 1380 2600 rem
1406 2533 1520 2622 ipsam

402 2653 580 2744 publicam
603 2661 710 2744 atque
736 2656 829 2726 bunc
853 2655 1026 2726 bonorum
1051 2661 1182 2724 statum
1208 2657 1390 2746 otiumque
1426 2657 1519 2726 odis-

400 2784 479 2847 sent
512 2785 548 2847 et
582 2778 627 2848 ob
662 2779 766 2848 hasce
797 2800 922 2850 causas
944 2788 996 2850 tot
1019 2789 1165 2870 tamque
1191 2783 1305 2851 varias
1326 2803 1382 2851 me
1406 2804 1518 2852 unum

400 2903 715 2993 deposcerent...
751 2904 831 2993 (pro
867 2905 955 2974 Sest.
990 2905 1058 2992 46).
1095 2906 1316 2976 Intellectum
1352 2913 1406 2976 est
1445 2928 1516 2976 non

400 3029 485 3098 mihi
509 3029 645 3099 absenti
669 3029 820 3099 crevisse
844 3031 987 3116 amicos,
1009 3033 1047 3099 in
1068 3053 1110 3104 ea
1134 3033 1341 3121 praesertim
1362 3033 1517 3118 fortuna,
1589 3089 1591 3092 .

400 3153 525 3243 inqua
547 3154 709 3224 nonnulli
732 3156 850 3236 etiam,
874 3176 963 3244 quos
987 3175 1062 3225 esse
1087 3162 1307 3246 putaveram,
1331 3163 1518 3226 nouerant

399 3279 461 3367 (ib.
484 3279 555 3368 69).
579 3269 664 3349 lecit
688 3279 832 3369 qnidam
856 3299 959 3348 casus
971 3291 1079 3370 caput
1091 3301 1211 3350 meum
1225 3333 1232 3350 .
1247 3333 1254 3350 .
1269 3333 1277 3350 .
1292 3333 1299 3350 .
1313 3281 1347 3349 in
1364 3281 1515 3350 mediam

397 3405 659 3474 contentionem
701 3405 1025 3494 dissensionemque
1068 3406 1224 3491 civilem;
1267 3427 1337 3495 quo
1371 3407 1408 3474 in
1445 3406 1515 3475 dis-

396 3529 545 3598 crimine
558 3580 566 3598 .
580 3580 588 3598 .
602 3578 631 3597 ..
657 3549 726 3598 non
752 3529 867 3598 dicam
892 3529 976 3618 quid
1001 3529 1168 3600 acciderit
1190 3571 1235 3581 —
1255 3531 1449 3601 multorum
1462 3536 1515 3600 est

395 3654 490 3722 enim
515 3659 550 3722 et
575 3653 671 3722 varia
694 3652 799 3743 culpa
821 3693 875 3736 —,
899 3659 1039 3724 tantum
1064 3655 1179 3726 dicam
1205 3657 1311 3741 brevi,
1336 3677 1405 3726 non
1427 3657 1514 3725 mibi

395 3778 590 3846 exercitum
614 3778 673 3847 sed
699 3779 807 3848 duces
828 3779 991 3851 defuisse.
1017 3783 1056 3852 ln
1081 3801 1162 3872 qun,
1188 3788 1227 3851 ut
1250 3786 1319 3854 iam
1344 3784 1388 3851 sit
1412 3783 1447 3850 in
1471 3783 1514 3851 iis

395 3903 510 3992 culpa,
544 3905 606 3991 qui
642 3923 698 3971 me
729 3925 799 3973 non
825 3905 1068 3994 defenderunt,
1093 3928 1163 3977 non
1188 3909 1304 3978 minor
1326 3917 1380 3979 est
1399 3911 1434 3978 in
1460 3909 1513 3989 iis,

394 4029 455 4118 qui
478 4028 710 4117 reliquerunt,
734 4036 779 4114 et,
803 4029 833 4097 si
856 4031 1045 4099 accusandi
1070 4038 1162 4117 sunt,
1188 4034 1217 4102 si
1240 4035 1301 4124 qui
1318 4035 1512 4123 pertimue-

393 4160 488 4233 runt,
513 4154 625 4243 magis
648 4153 755 4221 etiam
779 4154 1072 4243 reprehendendi,
1095 4157 1124 4225 si
1137 4159 1198 4248 qui
1215 4179 1252 4227 se
1264 4159 1389 4228 timere
1401 4161 1512 4231 simu·

393 4275 512 4346 larunt
535 4276 595 4364 (ad
621 4279 645 4347 f.
670 4277 835 4362 19.l3)'’.

436 4401 525 4471 Cum
560 4408 680 4472 autem
714 4406 828 4475 amico
862 4406 994 4493 scribit,
1030 4407 1218 4478 confitetur
1249 4410 1357 4480 fuisse
1389 4411 1510 4501 quise
