3778 5488
960 743 1029 814 238

476 943 634 1012 Forsitan
660 943 890 1012 Drumann
916 943 961 1032 (V
984 941 1061 1028 644,
1084 942 1152 1012 646
1174 941 1248 1034 sq.)'
1262 945 1339 1013 iure
1352 945 1551 1029 coniecerit,

430 1066 633 1136 Ciceronem
659 1069 752 1137 mala
771 1088 836 1137 sua
855 1075 891 1137 et
903 1068 1183 1157 desperationem
1195 1071 1233 1138 in
1249 1071 1362 1138 maius
1373 1068 1550 1155 extulisse,

431 1198 471 1259 ut
504 1193 607 1261 amici
644 1193 774 1262 maiore
805 1192 930 1262 ardore
953 1194 1057 1262 saluti
1082 1214 1167 1262 suae
1190 1193 1383 1280 studerent,
1409 1215 1551 1265 verum·

430 1322 548 1384 tamen
591 1317 694 1386 facile
724 1317 904 1387 intellectu
940 1324 993 1387 est
1028 1318 1161 1387 bomini
1196 1325 1268 1388 tem
1306 1339 1407 1402 vano,
1441 1339 1549 1408 quam

430 1440 553 1511 Cicero
576 1441 655 1522 fuit,
679 1461 791 1531 aeque
813 1463 921 1531 grave
945 1443 1053 1512 fuisse
1079 1442 1323 1513 honoribusao
1338 1445 1550 1513 vitacarere.

430 1565 552 1655 Itaque
576 1566 761 1636 consilium
786 1567 906 1637 Clodio
925 1588 994 1636 nou
1019 1567 1203 1636 resistendi
1216 1575 1251 1636 et
1264 1567 1374 1636 Roma
1387 1568 1550 1650 abeundi,

431 1690 461 1758 si
485 1691 621 1760 sincere
646 1691 813 1780 loquitur,
837 1692 869 1761 ei
893 1699 947 1760 est
963 1693 1247 1782 „imprudentia”
1260 1692 1319 1778 (ad
1332 1691 1372 1772 Q.
1384 1691 1549 1780 sulit),

430 1817 572 1900 „error”
609 1816 668 1905 (ad
705 1817 728 1884 f.
767 1815 845 1884 XIV
879 1815 952 1900 413
986 1817 1031 1885 ad
1067 1818 1138 1886 Att.
1171 1816 1217 1886 lv
1251 1817 1333 1906 ts),
1358 1816 1549 1902 „stultitia”

429 1941 490 2028 (ib.
515 1940 563 2009 111
586 1940 660 2025 8.4;
684 1941 729 2010 ad
753 1939 793 2021 Q.
817 1941 860 2009 fr.
885 1941 898 2009 1
923 1940 1004 2027 3.6),
1019 1943 1216 2025 „amentia”
1229 1941 1287 2028 (ad
1301 1943 1373 2011 Att.
1386 1941 1434 2010 ΙΙΙ
1447 1941 1549 2031 15]),

430 2067 578 2156 „eulpa”
602 2065 662 2153 pb.
686 2065 760 2151 843
783 2068 826 2135 ad
852 2067 875 2135 s.
898 2066 979 2135 XIV
1001 2065 1084 2154 3.t)‚
1108 2067 1337 2157 „peccatum”
1361 2067 1419 2152 (ad
1433 2065 1547 2136 dxlv

428 2189 500 2277 4.5;
524 2191 569 2260 ad
593 2191 665 2259 Att.
691 2190 738 2258 III
762 2192 836 2276 9.t;
860 2191 948 2260 ΜΛ.
973 2192 1024 2262 cf.
1049 2195 1094 2261 ad
1118 2191 1158 2272 Q.
1182 2192 1225 2262 fr.
1250 2191 1360 2262 132:
1385 2191 1547 2281 „peccavi

428 2316 668 2404 scelerateque
693 2316 781 2384 seci”
807 2314 884 2407 [my
896 2317 1311 2407 culpableimprudeuce‚
1328 2315 1549 2406 TyrreltD,

472 2440 603 2510 Contra
646 2442 682 2509 in
719 2442 947 2520 orationibus,
983 2463 1072 2530 quas
1106 2449 1186 2532 post
1225 2442 1377 2510 reditum
1414 2439 1547 2526 babuit,

428 2565 716 2653 „turpissimum”
739 2565 826 2634 iilud
852 2566 1081 2650 „consilium”
1106 2566 1165 2654 (ad
1192 2564 1547 2653 stt.11115.4)‚quo

427 2690 624 2774 „miserius
646 2690 797 2780 turpius,
820 2690 998 2779 indignius
1021 2691 1130 2759 nibil”
1144 2691 1250 2760 suerit
1262 2691 1321 2780 (ad
1336 2691 1359 2760 t.
1373 2688 1546 2777 xlveo),

428 2813 539 2883 multo
564 2813 822 2883 honestioribus
837 2814 998 2904 designet
1011 2815 1231 2888 nominibus:
1246 2813 1547 2903 „Eioiunturdum

427 2958 515 3026 quos
552 2938 668 3006 videre
696 2938 849 3029 improbi
883 2960 953 3007 non
981 2945 1152 3028 poterant,
1177 2940 1267 3013 alter
1290 2959 1353 3030 per
1377 2940 1545 3008 honorem

426 3063 683 3153 turpissimum,
706 3063 796 3131 alter
819 3083 882 3152 per
906 3064 1188 3133 honestissimam
1214 3063 1453 3140 calamitatem
1465 3063 1545 3151 (pro

426 3187 530 3256 domo
563 3187 662 3273 65)”;
698 3187 805 3267 „Rem
842 3187 1018 3277 publicam
1053 3189 1236 3258 concidere
1262 3189 1368 3259 unius
1389 3189 1543 3256 discessu

426 3332 532 3400 quam
557 3312 715 3380 omnium
737 3313 881 3380 interitu
895 3313 1055 3382 occidere
1070 3313 1178 3382 malui
1189 3313 1250 3398 (ib.
1264 3311 1546 3400 96)'';„Servavi
1661 3355 1667 3366 ·

426 3453 501 3503 rem
526 3434 702 3524 publicam
725 3436 880 3506 discessu
908 3458 1028 3506 meo..
1043 3487 1072 3506 ..
1098 3457 1190 3505 unus
1211 3435 1263 3506 bis
1276 3456 1352 3505 rem
1365 3435 1541 3534 publicam

427 3750 492 3812 iicet
524 3749 658 3828 Geiger
688 3749 865 3810 Selbstmord
899 3767 926 3828 p.
959 3751 997 3811 25
1027 3767 1071 3828 sq.
1103 3757 1185 3828 neget
1206 3783 1244 3792 -
1265 3747 1376 3808 diversa
1397 3747 1433 3810 de
1454 3753 1545 3807 morte

426 3865 585 3928 voluntario
607 3866 728 3937 dicebat,
751 3865 873 3927 sontium
897 3865 1005 3927 scilicet
1027 3883 1147 3927 suorum
1173 3863 1298 3926 rationes
1321 3871 1452 3942 repetens
1467 3861 1543 3940 (eg.

424 3983 460 4045 de
491 4002 550 4063 rep.
582 3982 619 4043 Vl
648 4000 672 4043 c.
696 3984 735 4042 ii
755 3989 784 4043 et
805 3984 859 4044 id:
884 4000 960 4054 „non
984 3981 1096 4043 iniussu
1118 3981 1192 4052 eius,
1213 4000 1228 4042 e
1250 3997 1310 4059 quo
1331 3979 1379 4040 ille
1401 3977 1543 4058 [unimus]

425 4107 468 4161 est
499 4097 581 4160 vobis
611 4097 706 4168 deine,
736 4116 771 4158 ex
806 4097 957 4160 hominum
991 4097 1047 4158 vita
1081 4096 1262 4176 migrandum
1295 4103 1347 4172 est,
1379 4113 1415 4155 ue
1436 4111 1544 4156 tnunus

425 4214 601 4294 assignatum
633 4231 649 4273 a
669 4212 724 4273 deo
744 4212 890 4292 defugisse
912 4212 1065 4274 videamini
1078 4214 1095 4242 ’¹
1119 4213 1161 4273 ot.
1183 4212 1251 4273 Ceto
1274 4209 1366 4271 maior
1385 4208 1409 4289 ὅ
1430 4211 1469 4270 ta
1490 4226 1542 4287 sq..

425 4329 526 4390 Contra
548 4328 667 4389 Tuscul.
689 4327 700 4388 1
723 4330 762 4388 74
783 4327 903 4408 sapienti
927 4327 1059 4399 „vincula
1072 4325 1213 4389 carceris'’
1226 4324 1378 4406 rumpendi
1389 4322 1542 4386 arbitrium

358 4511 359 4516 ,
423 4445 481 4506 dat.
503 4445 587 4507 Plura
609 4463 654 4525 ep.
677 4443 810 4524 Geiger
831 4444 884 4516 u.)
