3734 5518
885 719 930 785 65

345 904 467 976 Cicero
502 916 690 1000 postquam
724 911 879 982 Naribus

347 1011 498 1083 Lucanis
521 1016 701 1105 profectus
719 1026 782 1104 est,
797 1041 878 1110 pro·

346 1121 440 1188 xima
463 1129 566 1192 nocte
589 1123 650 1192 iuo
669 1144 712 1192 ex
725 1125 823 1195 libris
835 1127 878 1195 de

346 1225 567 1297 Divinatione
601 1229 630 1315 (1
659 1231 878 1316 59311137‚

345 1330 410 1399 140
445 1333 489 1402 cs.
525 1335 599 1405 val.
636 1337 727 1406 Max.
763 1338 777 1406 1
807 1339 877 1418 7.5)

345 1444 429 1508 noto
463 1444 600 1511 somnio
631 1465 717 1512 usus
740 1454 795 1514 est
819 1448 875 1530 „iu

344 1544 423 1613 villa
458 1549 612 1635 quadam
650 1553 766 1641 campi
801 1554 877 1622 Ati-

341 1654 482 1722 nensis'’
502 1657 539 1740 ¹).

926 1848 970 1916 10
1001 1850 1144 1939 April.¹
1181 1853 1228 1940 (a.
1260 1854 1293 1921 d.
1325 1854 1371 1924 lv
1404 1857 1460 1926 ld.

926 1956 1082 2046 April.)

976 2064 1018 2130 ad
1045 2065 1117 2133 Att.
1143 2065 1232 2134 1115
1254 2067 1405 2139 Thuriis.

924 2220 968 2288 13
1016 2223 1155 2312 April.
1192 2226 1264 2314 (Id.
1300 2228 1457 2318 April.)

924 2329 965 2395 ad
989 2329 1061 2398 Au.
1079 2329 1127 2398 111
1148 2330 1273 2402 dinter
1286 2334 1455 2406 Vibonem

1040 2445 1076 2505 et
1101 2437 1338 2509 Brundisium.

922 2593 965 2661 17
1023 2595 1163 2685 April.
1222 2599 1269 2686 (a.
1315 2601 1348 2670 d.
1394 2602 1455 2672 XV

922 2699 1012 2770 Kal.
1038 2702 1151 2792 Mai.)

965 2808 1009 2876 ad
1033 2810 1105 2878 Att.
1131 2810 1178 2879 111
1201 2813 1224 2878 6
1247 2813 1290 2890 de
1313 2835 1397 2904 agro

1084 2916 1286 2988 Tarentino.

333 3034 454 3106 Cicero
490 3037 718 3110 Brundisium
752 3046 855 3114 veuit.

919 3170 964 3240 30
998 3172 1137 3262 April.
1162 3177 1330 3265 (pridie
1360 3180 1450 3250 Kal.

921 3276 1034 3368 Mai.)

951 3384 994 3452 ad
1021 3385 1092 3455 Att.
1116 3386 1164 3455 111
1189 3389 1209 3457 7
1232 3391 1421 3464 Brundisii.

917 3544 1069 3613 eodem
1101 3547 1172 3617 die

916 3649 959 3718 nd
985 3650 1069 3721 sam.
1101 3653 1181 3723 XIV
1215 3655 1238 3724 4
1261 3656 1438 3732 Brundisii

329 3769 450 3841 Cicero
458 3773 742 3846 Thessalonicam
757 3782 862 3850 veuit.

368 4057 399 4135 1)
439 4058 496 4130 Qui
519 4077 638 4139 enrnpus
659 4069 720 4122 erat
741 4061 769 4122 in
792 4065 907 4144 Apulia,
929 4067 964 4128 ci.
987 4068 1058 4130 Ptin.
1082 4071 1115 4131 N.
1138 4071 1173 4133 11.
1196 4074 1220 4134 11
1243 4079 1301 4138 225
1318 4077 1445 4152 (snitu

328 4187 355 4249 p,
375 4172 435 4250 80).
457 4172 510 4244 lbi,
531 4173 612 4236 iuxta
634 4194 739 4256 pagum
761 4179 808 4240 cui
831 4199 935 4244 nornen
958 4201 1034 4246 nunc
1056 4185 1133 4248 Potiu
1156 4195 1207 4260 est,
1231 4191 1445 4274 hodiequoque

327 4286 481 4364 parietinae
511 4297 622 4353 exstant
654 4292 867 4373 amphitheatri,
895 4317 1055 4373 murorum,
1077 4311 1223 4382 portarurn
1245 4307 1446 4382 (Bandekrr

328 4400 406 4461 italie
428 4402 477 4462 nu
498 4403 603 4484 [1887]
626 4425 653 4486 p.
676 4409 755 4488 nrt).
1303 4510 1318 4561 ⁵
