3792 5486
891 709 956 777 127

361 906 438 974 sitio
462 906 506 973 ad
518 906 628 996 ipsius
640 906 792 995 Augusti
803 905 1049 975 allocutionem
1065 946 1116 988 —,
1129 905 1226 974 nullo
1241 907 1344 976 modo
1357 909 1478 996 negari

361 1037 475 1120 potest
509 1030 752 1100 lentitudinem
789 1032 864 1099 eius
897 1031 1091 1119 improbari
1125 1036 1161 1099 et
1194 1032 1229 1099 in
1265 1032 1349 1101 locis
1375 1033 1477 1102 modo

359 1155 511 1224 laudatis
534 1157 627 1224 etin
653 1156 765 1224 hisce:

479 1299 556 1369 Quid
577 1299 678 1376 fauiae,
695 1300 834 1377 quaeris?
854 1317 980 1377 quaeras
1001 1299 1055 1358 boo
1075 1300 1186 1359 soilioet
1207 1301 1319 1378 ipsum:

519 1417 668 1486 Invenias,
691 1434 759 1475 rere
781 1416 806 1473 si
827 1415 958 1493 reperire
980 1415 1069 1474 voles.

480 1531 564 1590 Velie
585 1551 689 1610 parum
711 1537 771 1590 est:
792 1533 903 1609 oupias,
925 1537 957 1590 ut
980 1550 1011 1590 re
1033 1531 1164 1608 potiaris,
1186 1537 1379 1610 oportet...

478 1647 601 1707 Pectore
622 1653 651 1706 te
673 1653 734 1707 toto
754 1648 928 1724 ounotisque
948 1648 1120 1706 incumbere
1141 1649 1241 1707 nervia

519 1763 556 1822 ut
577 1765 632 1823 niti
655 1783 707 1842 pro
729 1783 775 1823 me
797 1769 882 1823 noete
903 1764 1011 1840 dieque
1032 1763 1196 1824 deoet....

479 1879 582 1956 Exigit
603 1879 658 1939 hoo
677 1879 794 1939 socialis
813 1898 897 1939 amor
917 1878 1080 1957 foedusque
1102 1880 1256 1937 maritum:

517 1995 651 2055 Moribus
672 1996 737 2072 boo,
758 1997 900 2065 coniunx,
923 1996 1020 2072 exigis
1041 1996 1106 2072 ipsa
1127 1995 1195 2056 tuis.

477 2111 541 2170 Hoo
562 2111 663 2170 domni
684 2111 782 2186 debes,
804 2111 840 2169 de
862 2111 1080 2188 quaesumus,
1103 2116 1136 2169 ut
1154 2110 1236 2169 iiiam

516 2228 583 2286 Non
606 2228 701 2305 magia
721 2226 827 2286 officiis
848 2245 938 2304 quam
960 2227 1107 2305 probitate
1127 2226 1206 2285 oolas
1218 2273 1224 2284 .
1238 2270 1244 2283 .
1258 2269 1285 2284 ..

476 2342 555 2402 Nota
575 2348 626 2402 tna
647 2348 693 2402 est
713 2343 844 2421 probitas
865 2347 1032 2421 testataque
1054 2348 1170 2419 tempus
1191 2342 1222 2399 in
1245 2359 1348 2400 omne:

516 2456 561 2516 Sit
583 2458 678 2517 virtus
699 2457 788 2516 etiam
810 2475 869 2516 non
891 2458 1037 2534 probitate
1059 2459 1162 2516 minor.

633 2577 684 2646 (ex
706 2573 738 2632 P.
762 2574 810 2630 III
834 2575 860 2632 1.
884 2573 1012 2650 33—35,
1036 2575 1072 2630 39
1094 2591 1148 2649 sq..
1172 2574 1239 2631 73-
1252 2574 1299 2647 ib,
1321 2574 1359 2630 93
1380 2576 1437 2648 sq.)

476 2687 537 2746 Neo
558 2689 659 2764 gravis
681 2688 767 2746 uxori
788 2688 884 2747 dioar:
907 2706 983 2765 qnae
1004 2687 1116 2747 soilioet
1137 2688 1167 2746 in
1191 2705 1237 2746 me

515 2803 609 2873 Quam
632 2804 733 2881 proba,
755 2811 815 2863 tam
837 2804 941 2863 timida
962 2809 1016 2880 est,
1037 2805 1254 2882 experiensque
1276 2821 1390 2881 parum.

1208 2920 1259 2994 (ib.
1283 2923 1309 2979 Ἰ.
1332 2921 1437 2996 lisq.)

400 3050 518 3119 Mariti
566 3050 864 3120 admonitionibus
906 3072 994 3120 uxor
1036 3072 1232 3139 numquam
1268 3051 1477 3118 satisfecisse

356 3173 504 3260 videtur,
528 3175 614 3242 nibil
638 3175 763 3243 saltem
787 3197 808 3243 a
833 3183 934 3264 poeta
957 3174 1025 3243 tale
1050 3175 1253 3263 accipimus,
1280 3174 1477 3264 Dereliqua

355 3299 430 3366 eius
456 3300 525 3367 vita
548 3298 635 3367 nibil
663 3298 833 3368 habemus
853 3305 1142 3387 compertum.—

398 3423 450 3491 Ex
491 3423 602 3490 altera
644 3444 752 3491 uxore
788 3423 911 3492 Ovidio
945 3424 1095 3512 fitta1)
1130 3430 1214 3492 nata
1248 3433 1333 3508 erat,
1372 3426 1474 3494 cuius

356 3567 482 3615 nomen
506 3586 545 3597 —
573 3547 618 3616 ob
643 3549 824 3618 metricam
845 3550 993 3617 fortasse
1006 3569 1149 3617 oausam
1168 3550 1198 3636 2)
1214 3589 1252 3597 -
1267 3549 1400 3617 siletur.
1417 3550 1474 3617 Bis

354 3673 474 3761 nupsit
496 3678 603 3763 atque
626 3694 668 3741 ex
694 3679 843 3764 utroque
869 3676 994 3744 marito
1017 3675 1146 3743 liberos
1173 3676 1325 3765 peperit:

552 3817 630 3876 Filia
652 3836 698 3876 me
722 3836 787 3877 mea
808 3819 853 3877 bia
874 3821 970 3896 prima
990 3817 1118 3878 feounda
1138 3820 1272 3888 iuventa.

593 3933 651 3993 Sed
670 3952 730 3993 non
750 3953 789 3994 ex
811 3953 870 3994 nuo
892 3935 1019 4011 ooniuge
1040 3934 1111 3993 feoit
1132 3953 1231 3994 avum.

1101 4049 1161 4124 (Tr.
1184 4049 1227 4108 tv
1253 4050 1298 4108 10.
1321 4048 1358 4107 75
1380 4051 1437 4125 aq.)

356 4161 724 4275 Timaeum
756 4200 855 4262 ovu’s
878 4199 1038 4280 tingitana
1060 4219 1086 4278 p.
1107 4203 1186 4260 roso
1207 4207 1234 4260 a
1257 4203 1345 4269 noso,
1367 4199 1474 4260 owen

355 4300 366 4360 1
390 4320 415 4380 p.
438 4300 635 4370 XVII-XIX,
656 4302 695 4360 db
716 4307 744 4360 et
764 4317 838 4377 quos
859 4299 955 4359 citant.

395 4402 426 4472 ἓ)
470 4399 545 4460 Vide
565 4398 674 4460 Owen
698 4398 737 4458 l.l.
