3778 5488
972 725 1039 794 176

441 920 537 1013 (9.2).
573 922 753 1004 Quantum
791 923 978 993 Hortensio
1012 923 1230 993 credendum
1266 926 1310 994 sit
1344 928 1471 996 nescio.
1505 927 1561 996 Me

440 1067 580 1118 summa
608 1048 830 1118 simulatione
854 1050 986 1118 amoris
1009 1071 1221 1141 summaque
1245 1051 1451 1121 assiduitate
1474 1053 1561 1122 coti-

440 1173 543 1241 diana
568 1172 836 1243 sceleratissime
852 1173 1380 1265 invidiosissimequetractavit,
1393 1176 1559 1247 adiuncto

440 1295 478 1378 Q.
515 1298 637 1368 Arrio:
673 1318 824 1388 quornm
860 1319 925 1389 ego
960 1300 1124 1384 consiliis,
1150 1302 1340 1390 promissis,
1365 1302 1560 1390 praeceptis

439 1422 629 1492 destitutus
652 1424 688 1491 in
725 1422 816 1493 hanc
841 1422 1077 1492 calamitatem
1101 1425 1218 1493 incidi.
1243 1425 1311 1494 Sed
1336 1426 1423 1495 haec
1442 1426 1559 1495 occul-

438 1548 540 1632 tabis,
565 1548 713 1642 nequid
734 1549 916 1617 obsint...
937 1556 1023 1637 puto
1045 1570 1107 1639 per
1119 1549 1352 1639 Pomponium
1366 1550 1557 1619 fovendum

439 1670 501 1741 tibi
524 1693 601 1741 esse
624 1674 739 1762 ipsum
765 1673 992 1742 Hortensium
1017 1673 1075 1760 (ad
1100 1673 1139 1754 Q.
1164 1675 1559 1765 fr.13.8)...nisiintra

440 1799 590 1887 parietes
615 1817 710 1865 meos
733 1797 777 1866 de
802 1818 880 1866 mea
900 1799 1054 1888 pernicie
1067 1801 1213 1869 consilia
1224 1799 1472 1886 inirentur(ad
1485 1800 1557 1868 Att.

438 1922 485 1991 ΙΙΙ
517 1921 620 2012 102).
652 1923 725 2012 Ego
764 1923 816 2006 iis,
853 1923 982 2011 quibus
1019 1945 1131 1993 meam
1165 1926 1315 1993 salutem
1339 1924 1557 1993 carissimam

438 2068 513 2116 esse
537 2047 746 2129 arbitrabar,
770 2048 1021 2118 inimicissimis
1044 2049 1366 2138 crudelissimisque
1381 2069 1465 2117 usus
1477 2068 1556 2116 sum

437 2171 553 2262 (ten).
579 2173 624 2242 lis
647 2173 790 2253 credidi,
811 2172 973 2262 aquibus
986 2173 1085 2242 nefas
1098 2180 1261 2263 putaram
1275 2193 1351 2242 esse
1365 2194 1420 2242 me
1433 2173 1556 2262 decipi,

437 2303 500 2365 aut
521 2299 639 2378 etiam,
652 2298 782 2388 quibus
795 2319 839 2367 ne
851 2297 887 2366 id
899 2297 1064 2388 expedire
1076 2299 1219 2388 quidem
1231 2297 1431 2368 arbitrabar
1443 2298 1502 2386 (ad
1516 2296 1556 2377 Q.

437 2422 480 2491 fr.
503 2422 518 2490 Ι
542 2421 611 2508 aa)
625 2476 632 2490 .
648 2476 654 2492 .
670 2424 719 2492 .si
734 2443 789 2491 me
802 2423 966 2492 omnibus
978 2423 1214 2512 amplissimis,
1227 2424 1417 2494 carissimis
1429 2423 1557 2492 iucun-

437 2547 660 2636 dissimisque
684 2549 790 2616 rebus
814 2547 961 2636 perfidia
983 2547 1164 2617 hominurn
1190 2548 1389 2638 spoliatum,
1410 2549 1440 2617 si
1461 2568 1556 2616 mea

438 2673 524 2741 meis
554 2673 761 2742 consiliariis
793 2672 970 2762 proditum
998 2679 1031 2740 et
1058 2674 1251 2762 proiectum
1279 2673 1373 2742 vides
1397 2673 1457 2762 (ad
1483 2672 1554 2742 Att.

436 2796 483 2865 ΙΙΙ
509 2796 631 2883 19.3).”

411 2897 414 2904 ’
480 2921 516 2991 si
539 2921 608 2991 alia
631 2943 701 2991 non
727 2922 937 2991 haberemus
960 2923 1171 3004 testimonia,
1196 2923 1363 3013 frequens
1386 2942 1428 2990 ea
1448 2942 1554 2991 accu-

435 3047 610 3116 sationum
638 3047 797 3137 repetitio
824 3045 925 3115 nobis
937 3047 1176 3135 persuaderet,
1190 3047 1417 3116 Hortensium
1432 3066 1554 3115 revera

435 3170 640 3241 Ciceronem
671 3173 706 3241 in
733 3172 882 3240 miseriis
909 3173 1061 3260 turpiter
1083 3171 1291 3256 deseruisse,
1315 3172 1376 3239 sed
1399 3171 1473 3260 ipse
1497 3170 1554 3240 Ci-

434 3316 515 3365 cero
550 3304 670 3386 postea
704 3297 772 3366 alia
806 3296 927 3365 tradit:
953 3296 1181 3366 Hortensium
1206 3297 1382 3386 pigritiam
1409 3295 1553 3364 minime

434 3420 638 3503 ostendisse,
661 3422 770 3489 immo
785 3442 865 3490 vero
878 3423 969 3491 vitae
982 3422 1179 3510 pericnlum
1193 3421 1319 3490 adiisse
1333 3421 1366 3488 in
1386 3419 1552 3490 Cicerone

434 3552 557 3614 contra
591 3544 777 3614 Clodianos
810 3545 1045 3614 defendendo:
1082 3545 1183 3631 „Vidi
1217 3546 1330 3630 enim3
1365 3545 1432 3613 vidi
1459 3545 1553 3614 hune

433 3671 550 3759 ipsum
585 3669 625 3750 Q.
664 3669 899 3757 Hortensium,
934 3669 1053 3740 lumen
1079 3677 1114 3739 et
1138 3677 1387 3740 ornamentum
1411 3671 1461 3739 rei
1488 3690 1553 3759 pu-

436 3795 556 3878 blicae,
581 3815 691 3883 paene
714 3795 867 3864 interfici
890 3815 1072 3863 servorum
1088 3816 1206 3880 manu,
1219 3817 1300 3864 cum
1317 3794 1401 3862 mihi
1415 3794 1552 3863 adesset

433 3922 513 4008 (pro
545 3919 673 3988 Milone
702 3919 794 4005 37)”,
824 3925 917 4007 quod
942 3919 1077 3989 lactum
1100 3926 1154 3988 est
1177 3921 1212 3988 in
1236 3920 1358 3988 eodem
1382 3918 1550 4002 tumultu,

433 4043 476 4112 de
500 4063 570 4133 qtto
596 4043 658 4112 Dio
680 4042 797 4112 38163
823 4049 878 4124 To‘r
903 4069 935 4106 rr
958 4043 1117 4128 Ὁρτησίῳ
1141 4048 1194 4107 aul
1222 4053 1265 4124 τῲ
1291 4045 1467 4126 Κουρίωνι,
1500 4044 1549 4104 ὁτι

435 4171 488 4230 καὶ
524 4171 731 4250 appararent
767 4191 853 4250 σφισι
890 4172 1099 4261 (equitibus)
1134 4171 1363 4251 συνεγένοντο,
1397 4175 1451 4233 καὶ
1491 4175 1549 4250 τὴν

434 4296 608 4378 πρεσβείαν
654 4296 850 4379 ὑπέστησαν,
896 4296 1044 4361 intaeta
1088 4299 1274 4385 (Gabinius
1309 4299 1458 4389 consul),
1495 4300 1549 4358 acl

433 4423 551 4495 aurudo
587 4427 604 4486 o'
636 4422 785 4497 Κλώδιος
821 4427 851 4498 ἐς
891 4428 925 4487 τὸ
961 4424 1088 4505 πλῆθος
1128 4426 1298 4504 ἐσαγαγὼν
1330 4423 1471 4506 πληγαῖς
1495 4426 1548 4486 ἐπὶ
