3734 5518
878 711 923 779 79

338 908 540 996 saepissime
573 907 797 998 imperatoris
828 927 917 996 quos
942 906 1114 976 vocabant
1139 908 1298 976 victimas
1324 915 1457 998 marty·

339 1053 416 1101 rum
442 1032 518 1101 loco
543 1031 814 1101 venerabantur.
841 1027 932 1100 Nam
956 1032 1062 1100 etiam
1087 1031 1116 1099 si
1139 1033 1251 1100 iustas
1273 1031 1457 1102 obcaosas

338 1157 532 1246 imperator
565 1156 777 1226 sententiam
816 1155 958 1239 tulerat,
994 1157 1126 1225 factum
1162 1163 1226 1242 est,
1250 1157 1342 1244 quod
1367 1163 1456 1225 teste

340 1282 447 1350 Dione
483 1280 613 1369 (55.18)
647 1282 716 1349 iam
751 1280 847 1349 Livia
881 1280 1041 1370 Augusto
1066 1282 1302 1370 praedixerat:
1329 1282 1457 1351 multos

338 1427 379 1473 ex
413 1405 546 1474 invidia
577 1412 640 1474 aut
673 1405 831 1488 avaritia,
866 1405 954 1475 alios
988 1406 1034 1475 ob
1069 1414 1201 1474 metum
1238 1407 1457 1476 fortitudinis

337 1537 400 1599 aut
447 1531 647 1620 opinionem
691 1530 884 1600 nobilitatis
920 1532 1078 1620 ipsorum
1115 1551 1243 1600 necare
1277 1532 1456 1601 existima-

340 1655 453 1724 batur.

384 1771 547 1849 Diversae
582 1779 687 1850 huius
718 1781 812 1850 exilii
836 1781 1090 1850 aestimationis
1112 1781 1274 1871 exempla
1297 1781 1332 1848 iu
1357 1781 1456 1850 (liee-

338 1905 444 1982 rouis.
469 1903 595 1988 Ovidii,
619 1905 772 1975 Senecae
796 1907 936 1996 scriptis
961 1905 1165 1975 videbimus.

382 2027 552 2114 Cicero,
577 2051 647 2118 qna
670 2039 752 2100 erat·
771 2032 937 2114 vanitate,
962 2051 1157 2120 numquam
1172 2018 1333 2100 confiteri
1349 2030 1457 2099 voluit

337 2173 374 2220 se
398 2173 522 2222 revera
544 2175 566 2222 a
589 2154 719 2244 populo
741 2173 784 2223 ex
809 2155 923 2244 patria
939 2174 1015 2222 esse
1027 2156 1198 2238 eiectum3
1219 2154 1322 2224 modo
1337 2154 1456 2223 molti-

337 2276 509 2361 tudinem,
532 2299 623 2368 quae
647 2279 758 2367 legem
781 2279 825 2347 de
849 2279 1003 2368 pernicie
1027 2298 1091 2347 sua
1115 2277 1453 2368 comprobarat,nou

340 2421 461 2471 verum
494 2402 602 2471 luisse
634 2402 802 2492 populum
837 2402 905 2490 (Ol.
938 2422 1001 2492 pro
1026 2402 1114 2472 Sest.
1139 2401 1192 2487 73,
1217 2402 1261 2470 de
1284 2402 1376 2471 dom.
1400 2402 1455 2482 68,

337 2527 380 2594 de
415 2527 480 2616 leg.
516 2525 563 2595 llI
598 2525 669 2615 45),
698 2526 859 2596 Clodium
883 2535 952 2595 non
980 2527 1093 2616 magis
1116 2547 1153 2595 se
1179 2527 1324 2596 violasse
1347 2548 1455 2617 quam

337 2658 512 2735 senatum,
546 2672 653 2741 quam
685 2653 822 2742 equites
844 2651 1032 2734 Romanos,
1056 2671 1163 2740 quam
1188 2671 1311 2720 omues
1335 2652 1455 2734 bonos,

337 2796 444 2864 quam
469 2775 606 2846 Italiam
630 2783 795 2846 cunctam
819 2775 878 2863 (de
904 2777 1045 2865 barusp.
1060 2773 1212 2865 respll),
1227 2776 1454 2864 modolegem

337 2903 448 2990 ipsam
482 2902 562 2970 vitio
585 2901 694 2971 latam
718 2921 793 2970 esse
818 2922 947 2990 magna
971 2920 1054 2969 voce
1079 2899 1314 2969 contendebat
1326 2900 1387 2988 (ib.
1400 2899 1455 2980 48,

338 3028 372 3094 in
398 3026 511 3094 Pisou.
536 3025 591 3110 30,
615 3026 725 3095 Boot
748 3026 790 3094 ad
816 3026 888 3094 Att.
913 3024 961 3093 ΙΙΙ
985 3025 1088 3114 15.5).
1113 3025 1164 3093 Ea
1188 3027 1306 3094 omnia
1318 3025 1456 3114 agebat,

338 3157 376 3217 ut
399 3151 627 3240 ignominiam
652 3151 805 3218 nominis
830 3150 965 3227 vitaret.
989 3169 1080 3238 quae
1103 3149 1355 3237 quantaetiam
1369 3157 1455 3219 tunc

336 3275 506 3364 temporis
540 3275 659 3356 scierit,
692 3274 774 3342 iude
810 3273 972 3352 efficitur,
997 3274 1090 3363 quod
1117 3295 1147 3342 a.
1171 3272 1216 3341 54
1238 3272 1410 3342 Gabinius
1433 3295 1455 3342 a

337 3398 504 3468 Cicerone
550 3398 776 3468 altercatione
826 3397 1040 3476 vulocratus,
1087 3399 1131 3466 ad
1173 3410 1371 3467 extromum
1416 3403 1454 3466 ut

339 3523 644 3592 vehementissimo
679 3523 835 3592 convicio
870 3522 1008 3591 exulem
1044 3543 1126 3590 eum
1154 3522 1342 3611 appellavit
1366 3522 1454 3605 „Hic

337 3647 402 3734 (ita
426 3645 564 3735 Cicero)
590 3687 629 3695 -
655 3668 675 3715 o
698 3646 750 3714 di!
768 3645 855 3715 nihil
869 3666 1039 3734 umquam
1054 3645 1341 3715 honorificentius
1353 3647 1455 3716 nobis

337 3771 464 3841 accidit
494 3811 538 3820 —
570 3772 791 3840 consurrexit
809 3779 954 3840 senatus
977 3792 1058 3840 eum
1084 3751 1237 3840 clamore
1261 3770 1303 3838 ad
1331 3792 1453 3854 unum,

337 3899 397 3981 sic,
420 3903 461 3965 ut
480 3897 525 3965 ad
549 3915 677 3985 eorpus
699 3897 776 3964 eius
787 3895 983 3964 accederet:
997 3897 1073 3983 pari
1086 3895 1240 3964 clamore
1253 3894 1453 3984 publicani''

338 4023 397 4110 (ad
433 4019 473 4101 Q.
509 4021 551 4089 lr.
591 4018 635 4089 [ll
670 4021 749 4105 22).
782 4019 903 4088 Cicero
927 4027 1047 4088 autem
1070 4020 1145 4108 ipse
1169 4025 1326 4088 coactam
1352 4039 1452 4087 suam

337 4154 434 4215 extra
471 4147 607 4215 Italiam
643 4146 956 4215 commorationem
992 4164 1074 4213 vero
1109 4145 1251 4212 nomine
1274 4142 1453 4233 appellare

339 4280 460 4361 postea
483 4290 623 4358 semper
645 4271 764 4351 evitat,
787 4269 945 4359 loquitur
957 4269 1000 4336 de
1014 4267 1247 4352 „laboribus”
1261 4267 1453 4357 „indignis-

338 4396 427 4463 sima
464 4394 640 4478 fortuna‚’'
677 4392 930 4479 „calamitate”
966 4399 1146 4481 „tempore
1177 4391 1274 4476 suo‚''
1299 4391 1452 4475 „clade”
