3792 5486
943 695 1011 764 lob

575 897 695 966 Quanta
715 901 807 973 potes,
830 896 938 973 praebe
960 900 1079 955 nostrae
1101 899 1250 955 momenta
1271 895 1370 973 saluti,

613 1013 696 1082 Quae
717 1012 774 1070 nisi
797 1016 910 1071 monto
931 1011 1016 1071 nulla
1036 1011 1139 1070 futura
1159 1011 1222 1070 loco
1243 1017 1297 1070 est.

1315 1127 1415 1201 (leat
1437 1127 1495 1204 oq.)

614 1243 748 1320 Remque
769 1248 851 1302 lnam
873 1261 965 1321 ponas
986 1243 1017 1301 in
1041 1242 1162 1302 meliore
1183 1242 1255 1302 loco.

1381 1357 1493 1434 (1522)

460 1515 527 1584 Sed
563 1516 661 1584 Tomi
700 1536 811 1605 usque
844 1516 886 1584 ad
913 1522 1062 1584 mortem
1087 1515 1290 1606 „penetrale
1314 1513 1531 1603 domusque'’

416 1639 571 1708 luerunt.
598 1679 637 1688 -

449 1764 629 1834 Senecae
643 1765 861 1854 temporibus
873 1764 1098 1854 praevalebat
1112 1785 1187 1833 mos
1198 1763 1319 1832 exules
1331 1763 1365 1830 ln
1379 1762 1530 1830 insulam

414 1888 569 1977 aliquam
606 1888 824 1977 deportandi.
863 1888 973 1976 Vulgo
1010 1909 1138 1976 parvae
1170 1895 1206 1956 et
1228 1907 1373 1957 saxosae
1397 1886 1533 1955 insulae

415 2011 694 2094 destinabantur,
738 2015 925 2103 praecipue
969 2013 1137 2102 Cyclades
1180 2013 1239 2100 (cf.
1289 2011 1442 2101 Mayor
1486 2012 1531 2079 ad

415 2137 535 2205 luven.
569 2136 674 2222 173),
699 2138 759 2207 sed
784 2138 925 2208 Corsica
948 2158 1090 2228 quoque
1114 2139 1208 2206 inter
1231 2137 1307 2207 loca
1329 2142 1417 2218 erat,
1441 2156 1532 2226 quae

414 2261 457 2330 ad
505 2261 701 2351 puniendos
736 2263 922 2331 damnatos
957 2262 1180 2331 habebantur
1214 2261 1349 2331 idonea.
1391 2260 1532 2347 „lnsula

414 2407 617 2476 permagna,
633 2388 822 2455 maximam
836 2395 973 2476 partem
989 2397 1159 2467 montosa,
1172 2386 1418 2477 frequentibus
1433 2386 1531 2454 silvis

414 2532 534 2600 opaca,
568 2518 605 2580 et
638 2531 729 2601 quae
766 2513 883 2601 parvis
914 2511 1120 2580 fluminibus
1144 2511 1334 2600 irrigatur’'
1359 2510 1474 2596 (Diod.
1502 2511 1528 2579 V

417 2634 476 2724 13)
502 2635 679 2704 veteribus
706 2675 744 2684 -
770 2635 872 2725 longe
895 2636 998 2705 aliter
1017 2643 1124 2727 atque
1139 2636 1316 2705 hodiernis
1331 2633 1532 2704 hominibus

413 2760 498 2830 talia
523 2761 622 2829 valde
646 2761 904 2830 admirantibus
926 2799 971 2812 -
995 2760 1205 2844 „terribilis”
1227 2758 1531 2851 ([Sen.]epigr.·l)

388 2894 449 2954 et
473 2885 658 2970 „horrida”
684 2886 744 2972 (ib.
770 2886 802 2970 2,
826 2907 919 2956 cons.
944 2887 987 2954 ad
1014 2887 1056 2956 H.
1082 2909 1127 2956 m.
1151 2888 1221 2973 b.5)
1247 2887 1320 2956 visa
1335 2894 1399 2956 est.
1424 2887 1531 2955 Prae·

414 3018 510 3078 terea
545 3016 710 3094 „tenetur
742 3030 764 3079 a
797 3011 968 3096 barbaris,
991 3032 1145 3101 quorum
1169 3011 1307 3081 alienus
1331 3031 1396 3081 nec
1419 3011 1532 3080 facilis

412 3133 594 3203 intellectu
618 3154 734 3204 sermo
758 3136 832 3204 est”
856 3135 971 3225 (Diod.
986 3135 1080 3220 vlt,
1094 3135 1139 3205 cf.
1152 3136 1232 3205 Sen.
1246 3156 1340 3205 cons.
1353 3136 1397 3205 ad
1411 3135 1531 3225 Polyb.

413 3261 435 3327 i.
471 3259 510 3328 t:
547 3260 801 3339 „barbarorum
837 3261 1038 3330 inconditus
1061 3270 1096 3330 et
1117 3261 1276 3330 barbaris
1299 3281 1440 3350 quoque
1466 3259 1531 3328 hu·

415 3384 1274 3476 manioribusgravisfremitus'’),quorumautem
1287 3384 1531 3454 moreslaudat

413 3509 515 3592 alius,
538 3509 598 3578 alii
623 3509 802 3578 damnant.
831 3509 1001 3578 Diodorus
1024 3510 1146 3579 scribit
1170 3509 1266 3598 (l.l.):
1292 3509 1409 3593 „Iuste
1438 3509 1533 3576 inter

413 3651 450 3701 se
475 3654 517 3702 ac
541 3634 755 3711 humaniter,
779 3650 887 3722 snpra
903 3655 1009 3724 quam
1024 3634 1218 3702 omnesalii
1231 3631 1383 3718 barbari,
1400 3632 1531 3701 vivunt.

413 3757 504 3826 Nam
528 3759 667 3848 quaein
681 3759 776 3826 cavis
790 3758 961 3826 montium
976 3757 1161 3827 arboribus
1173 3758 1403 3826 inveniuntur
1417 3755 1530 3833 mella,

413 3885 503 3952 citra
515 3885 789 3952 controversiam
798 3882 939 3951 illorum
949 3889 1042 3965 sunt,
1051 3883 1111 3972 qui
1121 3885 1344 3950 invenerunt.
1358 3880 1530 3969 Ovesque,

413 4007 519 4076 certis
560 4006 746 4076 distinctae
780 4008 882 4086 notis,
917 4009 1023 4075 eliam
1054 4008 1195 4076 nemine
1230 4012 1403 4090 servante,
1441 4005 1533 4075 heris

413 4131 530 4200 salvae
566 4138 720 4201 manent.
756 4133 793 4200 In
820 4131 954 4222 reliqua
978 4132 1084 4199 etiam
1114 4133 1205 4200 vitae
1228 4131 1532 4200 administratione

413 4257 503 4325 iuste
539 4256 665 4346 agendi
690 4277 862 4336 normam,
886 4276 950 4324 suo
974 4257 1106 4346 quique
1129 4255 1216 4334 loco,
1241 4255 1388 4325 mirifice
1411 4254 1530 4322 obser·

415 4382 529 4448 vaut”.
555 4380 681 4449 Strabo
701 4387 824 4450 contra
836 4380 879 4465 (V
892 4378 974 4468 ⁶224)
988 4381 1122 4471 „magis
1133 4380 1228 4448 ieros
1240 4380 1325 4470 ipsis
1336 4379 1441 4447 feris'’
1454 4399 1530 4447 esse
