3792 5486
933 711 1001 780 110

604 911 684 982 Quor
704 929 770 989 ego,
791 930 858 971 cum
880 910 944 972 ioca
964 912 1020 971 uiru
1042 917 1142 971 restra
1162 929 1294 990 perusus,
1315 928 1462 972 amu....
1497 993 1502 1002 ι

563 1027 599 1086 In
621 1027 694 1104 ioca,
715 1045 774 1088 nun
797 1028 940 1104 hominen,
963 1028 1117 1088 verissima
1137 1027 1263 1086 crimina
1284 1026 1348 1085 dixi
1362 1072 1369 1085 .
1382 1073 1389 1086 .
1402 1071 1429 1085 ..

604 1143 757 1202 ....mihi
778 1161 847 1203 care
867 1143 1048 1203 roure...

563 1258 600 1318 Di
622 1257 708 1318 modo
729 1257 877 1336 iecissent,
898 1257 1032 1336 placidae
1053 1275 1133 1336 epem
1156 1263 1255 1336 poscet
1276 1256 1386 1317 habere

603 1373 688 1433 Pacis
709 1379 740 1434 et
758 1392 777 1433 a
797 1374 896 1451 gelido
917 1373 1036 1451 longius
1057 1392 1115 1434 axe
1137 1374 1223 1434 iuret.

1080 1489 1132 1568 (ib.
1155 1491 1203 1566 24,
1225 1491 1273 1566 29,
1295 1488 1343 1566 59,
1365 1490 1401 1548 61
1424 1487 1482 1568 eq.)

447 1651 491 1718 At
522 1650 647 1718 intimo
678 1648 782 1717 corde
806 1649 964 1734 Romam,
988 1648 1032 1719 ad
1056 1647 1376 1738 „pulcherrimam”
1400 1649 1459 1736 (ex
1485 1646 1519 1715 P.

401 1774 415 1842 I
438 1773 532 1863 281)
556 1773 779 1859 „dominam”
804 1772 866 1861 (ib.
889 1773 936 1843 IV
959 1773 1030 1862 5.7)
1054 1793 1194 1862 semper
1216 1773 1380 1854 trahitur,

601 1961 678 2022 quae
698 1943 736 2002 de
756 1947 869 2022 acptum
890 1948 986 2004 totum
1006 1944 1206 2022 circumspicit
1228 1943 1329 2003 orbem

560 2059 721 2130 Montibus,
743 2059 860 2138 imperii
882 2059 978 2119 Roma
997 2058 1146 2138 deumque
1167 2060 1257 2120 iocur.

1212 2176 1274 2250 (Tr.
1296 2177 1311 2234 I
1332 2175 1400 2235 5.69
1422 2175 1479 2252 eq.)

520 2309 661 2388 Quaeque
681 2310 760 2389 capit
781 2309 873 2369 raetis
893 2310 1070 2368 immensum
1093 2308 1247 2369 moenibus
1267 2308 1378 2368 urbem.

1204 2428 1255 2499 (ex
1277 2423 1310 2484 P.
1331 2423 1364 2481 11
1387 2421 1476 2501 123).

444 2548 553 2637 Optat
575 2547 691 2632 „Urbe
715 2547 807 2616 srui”
832 2546 903 2632 (Tr.
929 2547 1101 2636 1v828),
1125 2568 1196 2636 qua
1221 2547 1306 2616 nihil
1329 2546 1453 2616 meiius
1472 2546 1517 2613 sit

398 2672 457 2756 (ex
492 2671 530 2740 P.
564 2670 578 2738 Ι
609 2669 712 2757 337),
736 2671 796 2740 sed
821 2691 928 2759 quarn
953 2672 1109 2762 aspicere
1133 2672 1303 2762 epistulae
1327 2670 1389 2741 soli
1415 2672 1517 2740 liceat

398 2795 468 2881 (Tr.
498 2795 523 2864 V
546 2793 629 2884 43),
652 2817 747 2882 nam,
771 2818 852 2868 cum
879 2818 939 2866 ver
961 2819 1037 2866 esse
1060 2799 1192 2887 coepit:

562 2991 632 3052 Otia
652 3011 732 3052 nunc
753 2993 827 3070 istic,
848 2995 1017 3073 iunctisque
1037 3013 1077 3054 ex
1097 2993 1201 3053 ordine
1222 2993 1301 3054 ludis

600 3106 718 3169 cedunt
739 3109 856 3170 verbosi
877 3109 1000 3188 garrula
1021 3109 1099 3170 belia
1120 3109 1186 3170 iuri.

556 3222 634 3282 Usus
655 3224 725 3302 equi
745 3241 825 3284 nunc
845 3229 900 3302 eet,
921 3223 1037 3284 levibus
1059 3243 1139 3285 nuuc
1159 3224 1274 3285 luditur
1293 3224 1394 3295 armis,

595 3338 683 3398 Nunc
703 3338 773 3416 pila,
794 3357 874 3398 nunc
893 3338 982 3399 ueieri
1004 3340 1135 3400 volvitur
1155 3341 1226 3400 urbe
1246 3341 1376 3411 trochus,

554 3453 650 3524 Nunc,
671 3452 722 3513 ubi
744 3453 864 3532 perfusa
884 3459 927 3514 eet
949 3456 1015 3515 oleo
1036 3455 1164 3531 iubente,
1186 3457 1327 3516 iuventus

594 3568 732 3628 Deieccoe
750 3573 833 3628 artua
852 3569 1109 3652 Virgiuetinguit
1128 3589 1215 3649 aqua.

555 3681 668 3743 Scaena
689 3684 779 3761 riget,
800 3683 966 3762 studiisque
987 3685 1072 3745 favor
1092 3685 1273 3746 dictantibus
1292 3685 1386 3756 ardet,

598 3798 717 3877 Proque
737 3800 833 3859 tribue
854 3805 994 3860 resonant
1015 3807 1101 3861 terna
1122 3801 1240 3862 theatra
1260 3802 1341 3878 forie,

554 3913 580 3974 0
601 3918 717 3991 quater,
738 3933 756 3974 o
776 3916 914 3994 quotiens
935 3934 995 3975 uon
1017 3923 1062 3976 eet
1082 3935 1250 3988 numerare,
1269 3919 1402 3994 beatum,

597 4029 665 4089 Nou
686 4030 845 4091 interdictu
865 4031 912 4091 cui
934 4031 1003 4090 iicet
1025 4031 1105 4092 Urbe
1126 4032 1199 4093 iruii
1304 4053 1308 4060 ·

531 4117 537 4128 '
1136 4149 1197 4220 (er.
1220 4151 1268 4207 111
1292 4151 1472 4222 rara-ac)

465 4291 468 4298 '
554 4289 635 4347 Ante
656 4289 756 4349 ucuioe
775 4295 878 4350 errant
898 4290 1012 4367 domur,
1034 4291 1164 4368 urbsque
1184 4297 1214 4351 ei
1235 4291 1330 4352 forma
1351 4292 1491 4352 iocorum.

1304 4408 1356 4482 (ib.
1378 4405 1472 4480 itii)
