3792 5486
875 703 941 771 ¹175
1029 704 1031 708 ’

343 903 419 990 luit,
454 908 561 992 etque
596 901 641 971 ab
676 922 717 972 eo
752 901 1004 971 contumeliose
1036 901 1152 970 laesus
1186 907 1241 969 est
1263 899 1323 988 (ed
1349 900 1461 970 Attl

341 1027 444 1114 145).
467 1029 506 1096 ln
528 1028 788 1097 iudicioeutem
803 1024 1465 1114 Clodianointegritatiindicumnimis

343 1152 455 1221 lidens
489 1154 524 1221 in
561 1152 782 1222 decernendo
816 1171 944 1240 genere
979 1170 1103 1220 eorum
1135 1149 1245 1233 Fufio,
1270 1148 1462 1219 adversarii

343 1275 465 1360 sodali,
499 1276 622 1355 adfuit,
657 1297 765 1366 qnam
801 1275 1076 1364 imprudentiam
1101 1275 1215 1342 exitus
1240 1275 1377 1362 punivit
1400 1273 1462 1362 (ib.

344 1401 421 1470 162
444 1401 523 1490 sq.).
547 1400 771 1489 Quemquam
792 1399 913 1470 Cicero
936 1400 971 1468 in
992 1419 1044 1484 eo,
1059 1406 1096 1467 ut
1120 1400 1155 1481 in
1169 1399 1247 1467 aliis
1258 1398 1326 1467 illis
1339 1399 1464 1487 „pisci-

345 1525 486 1610 nariis’',
509 1526 674 1594 ardorem
698 1526 808 1594 animi
831 1531 867 1594 et
891 1544 1019 1593 nervos
1041 1524 1093 1592 rei
1118 1521 1279 1612 publicae
1305 1521 1466 1611 benege-

344 1650 474 1720 rendae
507 1650 741 1736 desiderabat,
771 1670 842 1719 non
868 1656 985 1718 temen
1012 1647 1135 1717 hebuit
1159 1647 1253 1736 quod
1277 1667 1314 1716 se
1338 1645 1466 1717 abillo

345 1775 553 1844 destitutum
588 1794 665 1844 esse
701 1781 921 1865 quereretur.
956 1774 1023 1860 (Of.
1060 1773 1201 1842 Berdt
1236 1771 1466 1842 Kommentar

346 1920 379 1988 p.
418 1899 457 1968 17
492 1900 572 1989 sq.).
608 1899 647 1968 ln
679 1901 837 1969 oratione
871 1919 936 1969 sua
961 1920 1023 1989 pro
1047 1899 1171 1968 Flacco
1196 1897 1405 1966 Hortensius
1428 1898 1464 1964 in

345 2024 523 2095 Ciceronis
556 2023 720 2094 laudibus
755 2024 975 2093 celebrandis
1012 2024 1144 2092 mullus
1174 2021 1284 2090 fuisse
1317 2020 1466 2106 videtur,

346 2149 440 2240 quod
464 2149 531 2219 sibi
553 2155 697 2240 gratum
721 2149 829 2218 fuisse
853 2148 974 2219 Cicero
1001 2149 1145 2218 mandet
1170 2147 1297 2226 Attico,
1322 2151 1363 2215 ut
1377 2145 1466 2215 llor-

347 2275 460 2343 tensio
484 2275 672 2364 significem
696 2274 766 2359 „At
790 2274 932 2343 hercule
956 2272 1046 2343 alter
1065 2279 1148 2342 tuus
1167 2273 1361 2354 familiaris,
1375 2273 1466 2344 Hor·

347 2400 451 2480 talus,
483 2420 591 2489 quem
623 2398 727 2489 plena
751 2420 870 2484 manu,
894 2419 1001 2489 qnam
1026 2399 1187 2488 ingenue,
1212 2419 1318 2487 quam
1344 2407 1467 2469 ornate

347 2531 487 2593 nostros
520 2523 644 2593 leudes
677 2526 713 2593 in
748 2537 843 2594 astra
875 2524 1028 2608 sustulit,
1052 2546 1132 2593 cum
1158 2525 1201 2593 de
1225 2525 1340 2595 Flacci
1365 2546 1467 2615 pree-

346 2654 427 2718 tura
450 2648 552 2717 etde
575 2648 635 2717 illo
659 2657 818 2738 tempore
838 2648 1068 2737 Allobrogum
1082 2649 1230 2719 diceret!
1256 2649 1313 2719 Sic
1329 2649 1466 2736 hebeto,

347 2792 411 2842 nec
435 2773 613 2842 amentius
635 2795 702 2843 nec
726 2772 1013 2843 honorificentius
1038 2794 1102 2843 nec
1123 2775 1298 2864 copiosius
1311 2777 1465 2864 potuisse

347 2897 433 2969 dici:
468 2898 500 2967 ei
534 2903 568 2966 te
605 2899 669 2967 boc
700 2898 854 2968 seribere
885 2920 906 2967 a
939 2919 994 2967 me
1024 2899 1089 2968 tibi
1111 2918 1187 2967 esse
1212 2900 1359 2970 missum
1383 2920 1468 2969 sane

347 3023 425 3091 volo
448 3022 509 3111 (ad
533 3023 605 3092 Att.
630 3021 810 3112 1125.l).”

391 3147 479 3216 Exul
505 3147 548 3216 de
572 3148 705 3237 college
729 3149 831 3238 longe
844 3149 912 3217 alia
923 3148 1009 3218 dicit
1020 3149 1152 3234 Cicero,
1164 3169 1245 3219 cum
1260 3149 1465 3238 praesertim

347 3271 379 3340 ei
391 3272 571 3360 ignoscere
584 3294 656 3342 non
671 3275 778 3363 possit
791 3273 883 3360 quod
898 3273 1081 3342 consilium
1096 3273 1161 3343 sibi
1174 3272 1310 3344 dederit
1319 3274 1467 3343 Romam

348 3396 587 3486 relinquendi;
623 3398 837 3487 proditorem
873 3399 979 3467 etiam
1015 3399 1155 3487 saepius
1189 3418 1271 3467 eum
1303 3397 1467 3488 appellet,

350 3522 452 3591 modo
483 3542 611 3591 nomen
643 3522 760 3612 ipsum
796 3543 939 3612 ponens,
973 3523 1075 3592 modo
1108 3523 1270 3592 universe
1301 3523 1467 3612 loquens:

346 3645 448 3732 „Non
484 3646 611 3716 faciam
649 3655 687 3716 ut
722 3668 928 3717 enumerem
965 3648 1125 3717 miserias
1156 3669 1287 3734 omnes,
1319 3649 1469 3737 inques

347 3769 454 3839 incidi
486 3791 548 3860 per
571 3791 747 3839 summam
772 3771 938 3840 iniuriam
961 3779 997 3840 et
1020 3772 1134 3842 scelus
1158 3793 1227 3841 non
1251 3779 1324 3842 tam
1348 3773 1467 3840 inimi·

348 3913 470 3962 corum
515 3914 674 3964 meorum
717 3916 825 3984 quem
863 3896 1064 3964 invidorum
1100 3895 1158 3985 (nd
1196 3897 1267 3965 Att.
1304 3896 1351 3964 lll
1387 3895 1467 3985 7.*2).

347 4018 456 4088 Cuius
489 4021 584 4088 enim
619 4019 749 4090 scelere
773 4021 916 4110 impulsi
939 4042 980 4090 ac
1004 4021 1131 4111 proditi
1156 4023 1267 4090 simus
1289 4023 1359 4091 iem
1386 4041 1467 4110 pro-

348 4143 440 4214 fecto
462 4143 557 4212 vides
580 4145 677 4234 (8.4).
702 4144 816 4233 ,Nunc
840 4146 1068 4214 Hortensium
1094 4147 1193 4216 allice
1217 4147 1351 4214 eteius
1375 4144 1469 4214 modi

349 4269 463 4337 viros!
487 4268 651 4356 Obsecro,
678 4271 725 4338 mi
748 4269 930 4360 Pomponi,
957 4271 1117 4340 nondum
1133 4271 1302 4361 perspicis
1314 4290 1467 4360 quorum

350 4414 467 4483 opere,
516 4413 668 4483 quorum
704 4395 848 4482 insidiis,
883 4416 1036 4485 quorum
1071 4395 1203 4467 scelere
1237 4393 1469 4485 perierimusl
