<?xml version="1.0" encoding="UTF-8"?>
<!DOCTYPE html PUBLIC "-//W3C//DTD XHTML 1.0 Transitional//EN"
    "http://www.w3.org/TR/xhtml1/DTD/xhtml1-transitional.dtd">
<html xmlns="http://www.w3.org/1999/xhtml" xml:lang="en" lang="en">
 <head>
  <title>
</title>
<meta http-equiv="Content-Type" content="text/html;charset=utf-8" />
  <meta name='ocr-system' content='tesseract 3.04.00' />
  <meta name='ocr-capabilities' content='ocr_page ocr_carea ocr_par ocr_line ocrx_word'/>
</head>
<body>
  <div class='ocr_page' id='page_1' title='image "./exulumtriassive00leopgoog_0047.png"; bbox 0 0 3734 5518; ppageno 0'>
   <div class='ocr_carea' id='block_1_1' title="bbox 996 631 1042 702">
    <p class='ocr_par' dir='ltr' id='par_1_1' title="bbox 996 631 1042 702">
     <span class='ocr_line' id='line_1_1' title="bbox 996 631 1042 702; baseline 0 0"><span class='ocrx_word' id='word_1_1' title='bbox 996 631 1042 702; x_wconf 78' lang='lat'>34</span> 
     </span>
    </p>
   </div>
   <div class='ocr_carea' id='block_1_2' title="bbox 455 828 1591 2790">
    <p class='ocr_par' dir='ltr' id='par_1_2' title="bbox 455 828 1591 2292">
     <span class='ocr_line' id='line_1_2' title="bbox 457 828 1574 918; baseline -0.003 -17"><span class='ocrx_word' id='word_1_2' title='bbox 457 852 561 901; x_wconf 90' lang='lat' dir='ltr'>amur</span> <span class='ocrx_word' id='word_1_3' title='bbox 583 831 723 916; x_wconf 91' lang='lat' dir='ltr'>iudicio,</span> <span class='ocrx_word' id='word_1_4' title='bbox 747 830 802 899; x_wconf 95' lang='lat' dir='ltr'>sui</span> <span class='ocrx_word' id='word_1_5' title='bbox 825 828 1001 899; x_wconf 91' lang='lat' dir='ltr'>commodi</span> <span class='ocrx_word' id='word_1_6' title='bbox 1024 829 1138 918; x_wconf 83' lang='lat' dir='ltr'>gratia</span> <span class='ocrx_word' id='word_1_7' title='bbox 1161 848 1243 897; x_wconf 92' lang='lat' dir='ltr'>eum</span> <span class='ocrx_word' id='word_1_8' title='bbox 1268 831 1387 918; x_wconf 85' lang='lat' dir='ltr'>partes</span> <span class='ocrx_word' id='word_1_9' title='bbox 1407 839 1574 898; x_wconf 89' lang='lat' dir='ltr'>mutasse.</span> 
     </span>
     <span class='ocr_line' id='line_1_3' title="bbox 457 952 1575 1046; baseline -0.002 -21"><span class='ocrx_word' id='word_1_10' title='bbox 457 957 497 1025; x_wconf 98' lang='lat' dir='ltr'>ln</span> <span class='ocrx_word' id='word_1_11' title='bbox 528 956 746 1026; x_wconf 89' lang='lat' dir='ltr'>orationibus</span> <span class='ocrx_word' id='word_1_12' title='bbox 778 975 841 1046; x_wconf 97' lang='lat' dir='ltr'>pro</span> <span class='ocrx_word' id='word_1_13' title='bbox 864 954 1020 1036; x_wconf 84' lang='lat' dir='ltr'>Fonteio,</span> <span class='ocrx_word' id='word_1_14' title='bbox 1045 973 1109 1043; x_wconf 94' lang='lat' dir='ltr'>pro</span> <span class='ocrx_word' id='word_1_15' title='bbox 1132 952 1240 1038; x_wconf 90' lang='lat' dir='ltr'>Sulla,</span> <span class='ocrx_word' id='word_1_16' title='bbox 1263 954 1300 1022; x_wconf 92' lang='lat' dir='ltr'>iu</span> <span class='ocrx_word' id='word_1_17' title='bbox 1324 954 1402 1023; x_wconf 91' lang='lat' dir='ltr'>aliis</span> <span class='ocrx_word' id='word_1_18' title='bbox 1418 955 1459 1044; x_wconf 88' lang='lat'>1),</span> <span class='ocrx_word' id='word_1_19' title='bbox 1483 974 1575 1043; x_wconf 90' lang='lat' dir='ltr'>quae</span> 
     </span>
     <span class='ocr_line' id='line_1_4' title="bbox 457 1077 1576 1169; baseline -0.003 -19"><span class='ocrx_word' id='word_1_20' title='bbox 457 1082 540 1150; x_wconf 90' lang='lat' dir='ltr'>vitio</span> <span class='ocrx_word' id='word_1_21' title='bbox 563 1081 596 1151; x_wconf 90' lang='lat' dir='ltr'>ei</span> <span class='ocrx_word' id='word_1_22' title='bbox 623 1087 820 1158; x_wconf 90' lang='lat' dir='ltr'>vertuntur,</span> <span class='ocrx_word' id='word_1_23' title='bbox 840 1099 984 1149; x_wconf 88' lang='lat' dir='ltr'>causam</span> <span class='ocrx_word' id='word_1_24' title='bbox 1009 1079 1112 1148; x_wconf 90' lang='lat' dir='ltr'>amici</span> <span class='ocrx_word' id='word_1_25' title='bbox 1138 1077 1192 1147; x_wconf 90' lang='lat' dir='ltr'>vel</span> <span class='ocrx_word' id='word_1_26' title='bbox 1212 1078 1359 1160; x_wconf 89' lang='lat' dir='ltr'>clientis,</span> <span class='ocrx_word' id='word_1_27' title='bbox 1372 1099 1442 1148; x_wconf 93' lang='lat' dir='ltr'>non</span> <span class='ocrx_word' id='word_1_28' title='bbox 1456 1079 1576 1169; x_wconf 88' lang='lat' dir='ltr'>reipu-</span> 
     </span>
     <span class='ocr_line' id='line_1_5' title="bbox 457 1203 1576 1294; baseline -0.004 -19"><span class='ocrx_word' id='word_1_29' title='bbox 457 1205 578 1291; x_wconf 91' lang='lat' dir='ltr'>blicae,</span> <span class='ocrx_word' id='word_1_30' title='bbox 609 1207 707 1290; x_wconf 84' lang='lat' dir='ltr'>dixit,</span> <span class='ocrx_word' id='word_1_31' title='bbox 742 1204 836 1294; x_wconf 95' lang='lat' dir='ltr'>quod</span> <span class='ocrx_word' id='word_1_32' title='bbox 866 1205 941 1294; x_wconf 91' lang='lat' dir='ltr'>ipse</span> <span class='ocrx_word' id='word_1_33' title='bbox 971 1205 1006 1272; x_wconf 93' lang='lat' dir='ltr'>in</span> <span class='ocrx_word' id='word_1_34' title='bbox 1043 1203 1253 1274; x_wconf 82' lang='lat' dir='ltr'>Cluentiana</span> <span class='ocrx_word' id='word_1_35' title='bbox 1288 1203 1322 1293; x_wconf 64' lang='grc' dir='ltr'>(ἕ</span> <span class='ocrx_word' id='word_1_36' title='bbox 1355 1203 1437 1292; x_wconf 87' lang='grc'>139)</span> <span class='ocrx_word' id='word_1_37' title='bbox 1470 1203 1576 1293; x_wconf 89' lang='lat' dir='ltr'>profi-</span> 
     </span>
     <span class='ocr_line' id='line_1_6' title="bbox 456 1328 1591 1419; baseline -0.004 -19"><span class='ocrx_word' id='word_1_38' title='bbox 456 1337 569 1400; x_wconf 91' lang='lat' dir='ltr'>tetur:</span> <span class='ocrx_word' id='word_1_39' title='bbox 597 1331 724 1416; x_wconf 82' lang='lat' dir='ltr'>„Errat</span> <span class='ocrx_word' id='word_1_40' title='bbox 745 1330 982 1414; x_wconf 80' lang='lat' dir='ltr'>vehementer,</span> <span class='ocrx_word' id='word_1_41' title='bbox 1006 1329 1036 1397; x_wconf 93' lang='lat' dir='ltr'>si</span> <span class='ocrx_word' id='word_1_42' title='bbox 1058 1329 1138 1419; x_wconf 87' lang='lat' dir='ltr'>quis</span> <span class='ocrx_word' id='word_1_43' title='bbox 1153 1329 1189 1397; x_wconf 91' lang='lat' dir='ltr'>in</span> <span class='ocrx_word' id='word_1_44' title='bbox 1203 1328 1591 1414; x_wconf 77' lang='lat' dir='ltr'>orationibusnostris,</span> 
     </span>
     <span class='ocr_line' id='line_1_7' title="bbox 456 1453 1578 1545; baseline -0.004 -20"><span class='ocrx_word' id='word_1_45' title='bbox 456 1456 605 1545; x_wconf 86' lang='lat' dir='ltr'>quasin</span> <span class='ocrx_word' id='word_1_46' title='bbox 632 1455 771 1524; x_wconf 90' lang='lat' dir='ltr'>iudiciis</span> <span class='ocrx_word' id='word_1_47' title='bbox 796 1453 996 1539; x_wconf 90' lang='lat' dir='ltr'>habuimus,</span> <span class='ocrx_word' id='word_1_48' title='bbox 1019 1453 1248 1523; x_wconf 82' lang='lat' dir='ltr'>auctoritates</span> <span class='ocrx_word' id='word_1_49' title='bbox 1271 1459 1410 1522; x_wconf 90' lang='lat' dir='ltr'>nostras</span> <span class='ocrx_word' id='word_1_50' title='bbox 1438 1453 1578 1541; x_wconf 76' lang='lat' dir='ltr'>consig-</span> 
     </span>
     <span class='ocr_line' id='line_1_8' title="bbox 456 1576 1577 1648; baseline -0.003 0"><span class='ocrx_word' id='word_1_51' title='bbox 456 1586 559 1648; x_wconf 86' lang='lat' dir='ltr'>natas</span> <span class='ocrx_word' id='word_1_52' title='bbox 582 1600 620 1648; x_wconf 93' lang='lat' dir='ltr'>se</span> <span class='ocrx_word' id='word_1_53' title='bbox 643 1578 774 1648; x_wconf 90' lang='lat' dir='ltr'>babere</span> <span class='ocrx_word' id='word_1_54' title='bbox 798 1577 1002 1647; x_wconf 82' lang='lat' dir='ltr'>arbitratur.</span> <span class='ocrx_word' id='word_1_55' title='bbox 1028 1577 1161 1647; x_wconf 84' lang='lat' dir='ltr'><strong>Omnes</strong></span> <span class='ocrx_word' id='word_1_56' title='bbox 1181 1577 1275 1646; x_wconf 91' lang='lat' dir='ltr'>enim</span> <span class='ocrx_word' id='word_1_57' title='bbox 1296 1576 1376 1646; x_wconf 89' lang='lat' dir='ltr'>illae</span> <span class='ocrx_word' id='word_1_58' title='bbox 1400 1577 1577 1646; x_wconf 91' lang='lat' dir='ltr'>orationes</span> 
     </span>
     <span class='ocr_line' id='line_1_9' title="bbox 456 1702 1574 1792; baseline -0.004 -19"><span class='ocrx_word' id='word_1_59' title='bbox 456 1724 644 1774; x_wconf 89' lang='lat' dir='ltr'>causarum</span> <span class='ocrx_word' id='word_1_60' title='bbox 681 1723 722 1773; x_wconf 88' lang='lat' dir='ltr'>ac</span> <span class='ocrx_word' id='word_1_61' title='bbox 757 1709 958 1792; x_wconf 88' lang='lat' dir='ltr'>temporum</span> <span class='ocrx_word' id='word_1_62' title='bbox 994 1709 1089 1786; x_wconf 91' lang='lat' dir='ltr'>sunt,</span> <span class='ocrx_word' id='word_1_63' title='bbox 1113 1722 1183 1771; x_wconf 94' lang='lat' dir='ltr'>non</span> <span class='ocrx_word' id='word_1_64' title='bbox 1209 1702 1392 1772; x_wconf 89' lang='lat' dir='ltr'>bominum</span> <span class='ocrx_word' id='word_1_65' title='bbox 1415 1702 1574 1791; x_wconf 90' lang='lat' dir='ltr'>ipsorum</span> 
     </span>
     <span class='ocr_line' id='line_1_10' title="bbox 455 1825 1576 1918; baseline -0.004 -20"><span class='ocrx_word' id='word_1_66' title='bbox 455 1835 520 1899; x_wconf 87' lang='lat' dir='ltr'>aut</span> <span class='ocrx_word' id='word_1_67' title='bbox 553 1834 795 1918; x_wconf 87' lang='lat' dir='ltr'>patronorum.</span> <span class='ocrx_word' id='word_1_68' title='bbox 830 1827 932 1914; x_wconf 88' lang='lat' dir='ltr'>Nam,</span> <span class='ocrx_word' id='word_1_69' title='bbox 968 1829 998 1896; x_wconf 90' lang='lat' dir='ltr'>si</span> <span class='ocrx_word' id='word_1_70' title='bbox 1032 1847 1160 1897; x_wconf 90' lang='lat' dir='ltr'>causae</span> <span class='ocrx_word' id='word_1_71' title='bbox 1193 1828 1291 1918; x_wconf 87' lang='lat' dir='ltr'>ipsae</span> <span class='ocrx_word' id='word_1_72' title='bbox 1327 1847 1390 1917; x_wconf 94' lang='lat' dir='ltr'>pro</span> <span class='ocrx_word' id='word_1_73' title='bbox 1418 1845 1455 1896; x_wconf 90' lang='lat' dir='ltr'>se</span> <span class='ocrx_word' id='word_1_74' title='bbox 1480 1825 1576 1915; x_wconf 92' lang='lat' dir='ltr'>loqui</span> 
     </span>
     <span class='ocr_line' id='line_1_11' title="bbox 458 1949 1577 2042; baseline -0.003 -20"><span class='ocrx_word' id='word_1_75' title='bbox 458 1958 611 2042; x_wconf 84' lang='lat' dir='ltr'>possent,</span> <span class='ocrx_word' id='word_1_76' title='bbox 646 1972 751 2021; x_wconf 91' lang='lat' dir='ltr'>nemo</span> <span class='ocrx_word' id='word_1_77' title='bbox 786 1951 971 2021; x_wconf 88' lang='lat' dir='ltr'>adhiberet</span> <span class='ocrx_word' id='word_1_78' title='bbox 1000 1958 1188 2022; x_wconf 88' lang='lat' dir='ltr'>oratorem.</span> <span class='ocrx_word' id='word_1_79' title='bbox 1220 1951 1323 2022; x_wconf 91' lang='lat' dir='ltr'>Nune</span> <span class='ocrx_word' id='word_1_80' title='bbox 1355 1949 1577 2034; x_wconf 85' lang='lat' dir='ltr'>adhibemur,</span> 
     </span>
     <span class='ocr_line' id='line_1_12' title="bbox 457 2076 1578 2167; baseline -0.002 -21"><span class='ocrx_word' id='word_1_81' title='bbox 457 2083 497 2146; x_wconf 91' lang='lat' dir='ltr'>ut</span> <span class='ocrx_word' id='word_1_82' title='bbox 530 2098 573 2147; x_wconf 91' lang='lat' dir='ltr'>ea</span> <span class='ocrx_word' id='word_1_83' title='bbox 606 2077 778 2162; x_wconf 90' lang='lat' dir='ltr'>dicamus,</span> <span class='ocrx_word' id='word_1_84' title='bbox 813 2097 883 2147; x_wconf 90' lang='lat' dir='ltr'>uon</span> <span class='ocrx_word' id='word_1_85' title='bbox 908 2098 1001 2167; x_wconf 88' lang='lat' dir='ltr'>quae</span> <span class='ocrx_word' id='word_1_86' title='bbox 1024 2083 1146 2146; x_wconf 89' lang='lat' dir='ltr'>nostra</span> <span class='ocrx_word' id='word_1_87' title='bbox 1169 2077 1380 2147; x_wconf 88' lang='lat' dir='ltr'>auctoritate</span> <span class='ocrx_word' id='word_1_88' title='bbox 1404 2076 1578 2146; x_wconf 89' lang='lat' dir='ltr'>constitu·</span> 
     </span>
     <span class='ocr_line' id='line_1_13' title="bbox 457 2201 1436 2292; baseline -0.002 -20"><span class='ocrx_word' id='word_1_89' title='bbox 457 2210 575 2287; x_wconf 89' lang='lat' dir='ltr'>antur,</span> <span class='ocrx_word' id='word_1_90' title='bbox 598 2201 659 2271; x_wconf 89' lang='lat' dir='ltr'>sed</span> <span class='ocrx_word' id='word_1_91' title='bbox 683 2221 774 2292; x_wconf 91' lang='lat' dir='ltr'>quae</span> <span class='ocrx_word' id='word_1_92' title='bbox 797 2222 841 2271; x_wconf 87' lang='lat' dir='ltr'>ex</span> <span class='ocrx_word' id='word_1_93' title='bbox 864 2222 903 2271; x_wconf 91' lang='lat' dir='ltr'>re</span> <span class='ocrx_word' id='word_1_94' title='bbox 926 2202 1002 2292; x_wconf 89' lang='lat' dir='ltr'>ipsa</span> <span class='ocrx_word' id='word_1_95' title='bbox 1026 2221 1203 2292; x_wconf 85' lang='lat' dir='ltr'>causaque</span> <span class='ocrx_word' id='word_1_96' title='bbox 1226 2201 1436 2270; x_wconf 87' lang='lat' dir='ltr'>ducantur.”</span> 
     </span>
    </p>

    <p class='ocr_par' dir='ltr' id='par_1_3' title="bbox 502 2324 1575 2417">
     <span class='ocr_line' id='line_1_14' title="bbox 502 2324 1575 2417; baseline -0.003 -21"><span class='ocrx_word' id='word_1_97' title='bbox 502 2327 597 2396; x_wconf 88' lang='lat' dir='ltr'>Haec</span> <span class='ocrx_word' id='word_1_98' title='bbox 620 2326 797 2396; x_wconf 86' lang='lat' dir='ltr'>sufficiant</span> <span class='ocrx_word' id='word_1_99' title='bbox 820 2327 863 2395; x_wconf 89' lang='lat' dir='ltr'>de</span> <span class='ocrx_word' id='word_1_100' title='bbox 887 2327 1100 2416; x_wconf 85' lang='lat' dir='ltr'>reipublicae</span> <span class='ocrx_word' id='word_1_101' title='bbox 1114 2326 1349 2417; x_wconf 89' lang='lat' dir='ltr'>capessendae</span> <span class='ocrx_word' id='word_1_102' title='bbox 1361 2324 1524 2395; x_wconf 91' lang='lat' dir='ltr'>consiliis.</span> <span class='ocrx_word' id='word_1_103' title='bbox 1537 2364 1575 2374; x_wconf 90' lang='lat'>—</span> 
     </span>
    </p>

    <p class='ocr_par' dir='ltr' id='par_1_4' title="bbox 457 2449 1579 2790">
     <span class='ocr_line' id='line_1_15' title="bbox 504 2449 1578 2541; baseline -0.003 -21"><span class='ocrx_word' id='word_1_104' title='bbox 504 2450 604 2532; x_wconf 86' lang='lat' dir='ltr'>Quod</span> <span class='ocrx_word' id='word_1_105' title='bbox 640 2452 802 2540; x_wconf 86' lang='lat' dir='ltr'>sequitur</span> <span class='ocrx_word' id='word_1_106' title='bbox 834 2457 976 2541; x_wconf 88' lang='lat' dir='ltr'>tempus</span> <span class='ocrx_word' id='word_1_107' title='bbox 1001 2458 1189 2541; x_wconf 85' lang='lat' dir='ltr'>praeturae</span> <span class='ocrx_word' id='word_1_108' title='bbox 1213 2458 1249 2520; x_wconf 92' lang='lat' dir='ltr'>et</span> <span class='ocrx_word' id='word_1_109' title='bbox 1271 2450 1478 2520; x_wconf 91' lang='lat' dir='ltr'>consulatus</span> <span class='ocrx_word' id='word_1_110' title='bbox 1501 2449 1578 2518; x_wconf 85' lang='lat' dir='ltr'>fuse</span> 
     </span>
     <span class='ocr_line' id='line_1_16' title="bbox 457 2574 1579 2666; baseline -0.001 -23"><span class='ocrx_word' id='word_1_111' title='bbox 457 2582 612 2645; x_wconf 88' lang='lat' dir='ltr'>tractare</span> <span class='ocrx_word' id='word_1_112' title='bbox 647 2575 877 2664; x_wconf 88' lang='lat' dir='ltr'>supersedeo;</span> <span class='ocrx_word' id='word_1_113' title='bbox 909 2575 1039 2665; x_wconf 91' lang='lat' dir='ltr'>quibus</span> <span class='ocrx_word' id='word_1_114' title='bbox 1074 2595 1239 2666; x_wconf 88' lang='lat' dir='ltr'>prospere</span> <span class='ocrx_word' id='word_1_115' title='bbox 1271 2576 1304 2644; x_wconf 92' lang='lat' dir='ltr'>ei</span> <span class='ocrx_word' id='word_1_116' title='bbox 1337 2576 1452 2660; x_wconf 88' lang='lat' dir='ltr'>cessit,</span> <span class='ocrx_word' id='word_1_117' title='bbox 1492 2574 1579 2642; x_wconf 89' lang='lat' dir='ltr'>baec</span> 
     </span>
     <span class='ocr_line' id='line_1_17' title="bbox 459 2698 1577 2790; baseline -0.002 -22"><span class='ocrx_word' id='word_1_118' title='bbox 459 2700 665 2789; x_wconf 88' lang='lat' dir='ltr'>praesertim</span> <span class='ocrx_word' id='word_1_119' title='bbox 690 2699 853 2770; x_wconf 89' lang='lat' dir='ltr'>suerunt:</span> <span class='ocrx_word' id='word_1_120' title='bbox 867 2700 1078 2790; x_wconf 89' lang='lat' dir='ltr'>eloquentia,</span> <span class='ocrx_word' id='word_1_121' title='bbox 1091 2721 1183 2790; x_wconf 90' lang='lat' dir='ltr'>quae</span> <span class='ocrx_word' id='word_1_122' title='bbox 1199 2700 1357 2770; x_wconf 89' lang='lat' dir='ltr'>favorem</span> <span class='ocrx_word' id='word_1_123' title='bbox 1370 2698 1577 2789; x_wconf 85' lang='lat' dir='ltr'>popularem</span> 
     </span>
    </p>
   </div>
   <div class='ocr_carea' id='block_1_3' title="bbox 457 2823 1579 3288">
    <p class='ocr_par' dir='ltr' id='par_1_5' title="bbox 457 2823 1579 3288">
     <span class='ocr_line' id='line_1_18' title="bbox 460 2823 1577 2915; baseline -0.002 -22"><span class='ocrx_word' id='word_1_124' title='bbox 460 2831 496 2893; x_wconf 94' lang='lat' dir='ltr'>et</span> <span class='ocrx_word' id='word_1_125' title='bbox 519 2825 652 2893; x_wconf 91' lang='lat' dir='ltr'>amicos</span> <span class='ocrx_word' id='word_1_126' title='bbox 675 2825 708 2892; x_wconf 92' lang='lat' dir='ltr'>ei</span> <span class='ocrx_word' id='word_1_127' title='bbox 730 2824 940 2904; x_wconf 87' lang='lat' dir='ltr'>conciliavit,</span> <span class='ocrx_word' id='word_1_128' title='bbox 966 2824 1230 2910; x_wconf 84' lang='lat' dir='ltr'>„familiaritas”</span> <span class='ocrx_word' id='word_1_129' title='bbox 1251 2823 1395 2915; x_wconf 88' lang='lat' dir='ltr'>Pompei</span> <span class='ocrx_word' id='word_1_130' title='bbox 1414 2844 1577 2913; x_wconf 88' lang='lat' dir='ltr'>—quam</span> 
     </span>
     <span class='ocr_line' id='line_1_19' title="bbox 458 2948 1578 3038; baseline 0.001 -22"><span class='ocrx_word' id='word_1_131' title='bbox 458 2948 524 3017; x_wconf 93' lang='lat' dir='ltr'>sibi</span> <span class='ocrx_word' id='word_1_132' title='bbox 549 2956 691 3038; x_wconf 88' lang='lat' dir='ltr'>praetor</span> <span class='ocrx_word' id='word_1_133' title='bbox 714 2949 940 3038; x_wconf 90' lang='lat' dir='ltr'>amplissimis</span> <span class='ocrx_word' id='word_1_134' title='bbox 964 2948 1128 3019; x_wconf 88' lang='lat' dir='ltr'>laudibus</span> <span class='ocrx_word' id='word_1_135' title='bbox 1151 2950 1236 3019; x_wconf 90' lang='lat' dir='ltr'>emit</span> <span class='ocrx_word' id='word_1_136' title='bbox 1251 2948 1578 3038; x_wconf 79' lang='lat' dir='ltr'>²)—,statusperi-</span> 
     </span>
     <span class='ocr_line' id='line_1_20' title="bbox 459 3071 1579 3163; baseline -0.003 -20"><span class='ocrx_word' id='word_1_137' title='bbox 459 3071 601 3143; x_wconf 88' lang='lat' dir='ltr'>culusus</span> <span class='ocrx_word' id='word_1_138' title='bbox 623 3073 848 3163; x_wconf 88' lang='lat' dir='ltr'>reipublicae,</span> <span class='ocrx_word' id='word_1_139' title='bbox 872 3094 942 3163; x_wconf 93' lang='lat' dir='ltr'>quo</span> <span class='ocrx_word' id='word_1_140' title='bbox 966 3095 1089 3144; x_wconf 90' lang='lat' dir='ltr'>omnes</span> <span class='ocrx_word' id='word_1_141' title='bbox 1110 3074 1241 3143; x_wconf 91' lang='lat' dir='ltr'>assidui</span> <span class='ocrx_word' id='word_1_142' title='bbox 1254 3080 1378 3144; x_wconf 89' lang='lat' dir='ltr'>contra</span> <span class='ocrx_word' id='word_1_143' title='bbox 1391 3092 1579 3157; x_wconf 79' lang='lat' dir='ltr'>resperas,</span> 
     </span>
     <span class='ocr_line' id='line_1_21' title="bbox 457 3197 1578 3288; baseline -0.001 -22"><span class='ocrx_word' id='word_1_144' title='bbox 457 3217 547 3288; x_wconf 89' lang='lat' dir='ltr'>quas</span> <span class='ocrx_word' id='word_1_145' title='bbox 582 3197 731 3287; x_wconf 86' lang='lat' dir='ltr'>parabat</span> <span class='ocrx_word' id='word_1_146' title='bbox 765 3197 927 3283; x_wconf 79' lang='lat' dir='ltr'>Catilina,</span> <span class='ocrx_word' id='word_1_147' title='bbox 963 3219 985 3267; x_wconf 86' lang='lat' dir='ltr'>a</span> <span class='ocrx_word' id='word_1_148' title='bbox 1018 3199 1168 3268; x_wconf 84' lang='lat' dir='ltr'>Caesare</span> <span class='ocrx_word' id='word_1_149' title='bbox 1191 3205 1227 3267; x_wconf 90' lang='lat' dir='ltr'>et</span> <span class='ocrx_word' id='word_1_150' title='bbox 1249 3198 1375 3269; x_wconf 80' lang='lat' dir='ltr'>Crasso</span> <span class='ocrx_word' id='word_1_151' title='bbox 1399 3203 1490 3268; x_wconf 85' lang='lat' dir='ltr'>tecte</span> <span class='ocrx_word' id='word_1_152' title='bbox 1518 3217 1578 3266; x_wconf 92' lang='lat' dir='ltr'>su·</span> 
     </span>
    </p>
   </div>
   <div class='ocr_carea' id='block_1_4' title="bbox 461 3519 1581 4180">
    <p class='ocr_par' dir='ltr' id='par_1_6' title="bbox 461 3519 1581 4064">
     <span class='ocr_line' id='line_1_22' title="bbox 461 3519 1581 3602; baseline 0 -22"><span class='ocrx_word' id='word_1_153' title='bbox 461 3527 556 3599; x_wconf 86' lang='lat' dir='ltr'>partes</span> <span class='ocrx_word' id='word_1_154' title='bbox 587 3521 702 3592; x_wconf 78' lang='lat' dir='ltr'>fovisse,</span> <span class='ocrx_word' id='word_1_155' title='bbox 733 3538 791 3581; x_wconf 92' lang='lat' dir='ltr'>non</span> <span class='ocrx_word' id='word_1_156' title='bbox 823 3519 968 3600; x_wconf 80' lang='lat' dir='ltr'>intellego,</span> <span class='ocrx_word' id='word_1_157' title='bbox 999 3539 1065 3582; x_wconf 86' lang='lat' dir='ltr'>nom</span> <span class='ocrx_word' id='word_1_158' title='bbox 1098 3521 1170 3583; x_wconf 89' lang='lat' dir='ltr'>mibi</span> <span class='ocrx_word' id='word_1_159' title='bbox 1199 3521 1316 3602; x_wconf 87' lang='lat' dir='ltr'>quidem</span> <span class='ocrx_word' id='word_1_160' title='bbox 1338 3520 1476 3582; x_wconf 84' lang='lat' dir='ltr'>nonnulla</span> <span class='ocrx_word' id='word_1_161' title='bbox 1498 3520 1581 3600; x_wconf 85' lang='lat' dir='ltr'>plane</span> 
     </span>
     <span class='ocr_line' id='line_1_23' title="bbox 461 3635 1580 3717; baseline 0 -21"><span class='ocrx_word' id='word_1_162' title='bbox 461 3635 602 3697; x_wconf 83' lang='lat' dir='ltr'>contraria</span> <span class='ocrx_word' id='word_1_163' title='bbox 635 3635 795 3716; x_wconf 82' lang='lat' dir='ltr'>significare</span> <span class='ocrx_word' id='word_1_164' title='bbox 818 3635 961 3708; x_wconf 85' lang='lat' dir='ltr'>videntur,</span> <span class='ocrx_word' id='word_1_165' title='bbox 983 3656 1008 3698; x_wconf 90' lang='lat' dir='ltr'>e.</span> <span class='ocrx_word' id='word_1_166' title='bbox 1030 3657 1056 3717; x_wconf 81' lang='lat' dir='ltr'>g.</span> <span class='ocrx_word' id='word_1_167' title='bbox 1078 3655 1153 3716; x_wconf 88' lang='lat' dir='ltr'>quaa</span> <span class='ocrx_word' id='word_1_168' title='bbox 1174 3637 1292 3699; x_wconf 90' lang='lat' dir='ltr'>suntin</span> <span class='ocrx_word' id='word_1_169' title='bbox 1315 3637 1372 3698; x_wconf 84' lang='lat' dir='ltr'>fine</span> <span class='ocrx_word' id='word_1_170' title='bbox 1393 3635 1580 3698; x_wconf 84' lang='lat' dir='ltr'>Verrinamm</span> 
     </span>
     <span class='ocr_line' id='line_1_24' title="bbox 461 3749 1580 3833; baseline 0.001 -21"><span class='ocrx_word' id='word_1_171' title='bbox 461 3757 491 3812; x_wconf 91' lang='lat' dir='ltr'>et</span> <span class='ocrx_word' id='word_1_172' title='bbox 511 3749 539 3812; x_wconf 92' lang='lat' dir='ltr'>in</span> <span class='ocrx_word' id='word_1_173' title='bbox 561 3750 694 3813; x_wconf 84' lang='lat' dir='ltr'>Sextiana</span> <span class='ocrx_word' id='word_1_174' title='bbox 715 3771 739 3813; x_wconf 93' lang='lat' dir='ltr'>c.</span> <span class='ocrx_word' id='word_1_175' title='bbox 762 3755 801 3814; x_wconf 79' lang='lat' dir='ltr'>lb</span> <span class='ocrx_word' id='word_1_176' title='bbox 822 3769 895 3832; x_wconf 81' lang='lat' dir='ltr'>sqq..</span> <span class='ocrx_word' id='word_1_177' title='bbox 915 3770 990 3832; x_wconf 86' lang='lat' dir='ltr'>quae</span> <span class='ocrx_word' id='word_1_178' title='bbox 1013 3752 1084 3814; x_wconf 90' lang='lat' dir='ltr'>dicit</span> <span class='ocrx_word' id='word_1_179' title='bbox 1102 3753 1138 3814; x_wconf 87' lang='lat' dir='ltr'>de</span> <span class='ocrx_word' id='word_1_180' title='bbox 1160 3753 1386 3833; x_wconf 86' lang='lat' dir='ltr'>proscriptorum</span> <span class='ocrx_word' id='word_1_181' title='bbox 1408 3751 1507 3814; x_wconf 89' lang='lat' dir='ltr'>liberis</span> <span class='ocrx_word' id='word_1_182' title='bbox 1528 3771 1580 3832; x_wconf 94' lang='lat' dir='ltr'>pro</span> 
     </span>
     <span class='ocr_line' id='line_1_25' title="bbox 463 3866 1580 3948; baseline 0.001 -21"><span class='ocrx_word' id='word_1_183' title='bbox 463 3866 566 3928; x_wconf 85' lang='lat' dir='ltr'>Roscio</span> <span class='ocrx_word' id='word_1_184' title='bbox 587 3866 724 3928; x_wconf 78' lang='lat' dir='ltr'>Amerino</span> <span class='ocrx_word' id='word_1_185' title='bbox 745 3887 770 3928; x_wconf 89' lang='lat' dir='ltr'>o.</span> <span class='ocrx_word' id='word_1_186' title='bbox 792 3870 830 3930; x_wconf 79' lang='lat'>53</span> <span class='ocrx_word' id='word_1_187' title='bbox 841 3877 869 3929; x_wconf 90' lang='lat' dir='ltr'>et</span> <span class='ocrx_word' id='word_1_188' title='bbox 879 3867 908 3928; x_wconf 91' lang='lat' dir='ltr'>in</span> <span class='ocrx_word' id='word_1_189' title='bbox 923 3867 1060 3934; x_wconf 83' lang='lat' dir='ltr'>oratione.</span> <span class='ocrx_word' id='word_1_190' title='bbox 1072 3886 1159 3947; x_wconf 83' lang='lat' dir='ltr'>quarn</span> <span class='ocrx_word' id='word_1_191' title='bbox 1170 3868 1272 3930; x_wconf 86' lang='lat' dir='ltr'>consul</span> <span class='ocrx_word' id='word_1_192' title='bbox 1285 3867 1386 3930; x_wconf 88' lang='lat' dir='ltr'>babuit</span> <span class='ocrx_word' id='word_1_193' title='bbox 1395 3867 1528 3948; x_wconf 78' lang='lat' dir='ltr'>(Quintil.</span> <span class='ocrx_word' id='word_1_194' title='bbox 1542 3867 1580 3928; x_wconf 87' lang='lat' dir='ltr'>lll</span> 
     </span>
     <span class='ocr_line' id='line_1_26' title="bbox 464 3983 887 4064; baseline 0.002 -21"><span class='ocrx_word' id='word_1_195' title='bbox 464 3984 532 4044; x_wconf 72' lang='lat' dir='ltr'>nat</span> <span class='ocrx_word' id='word_1_196' title='bbox 554 3983 739 4046; x_wconf 85' lang='lat' dir='ltr'>Drumeun</span> <span class='ocrx_word' id='word_1_197' title='bbox 761 3983 786 4043; x_wconf 87' lang='lat' dir='ltr'>V</span> <span class='ocrx_word' id='word_1_198' title='bbox 807 3984 887 4064; x_wconf 72' lang='grc'>438).</span> 
     </span>
    </p>

    <p class='ocr_par' dir='ltr' id='par_1_7' title="bbox 505 4096 1265 4180">
     <span class='ocr_line' id='line_1_27' title="bbox 505 4096 1265 4180; baseline 0.004 -22"><span class='ocrx_word' id='word_1_199' title='bbox 505 4100 536 4172; x_wconf 87' lang='lat' dir='ltr'>l)</span> <span class='ocrx_word' id='word_1_200' title='bbox 576 4096 640 4160; x_wconf 90' lang='lat' dir='ltr'>Vid.</span> <span class='ocrx_word' id='word_1_201' title='bbox 662 4098 806 4179; x_wconf 87' lang='lat' dir='ltr'>imprimis</span> <span class='ocrx_word' id='word_1_202' title='bbox 827 4099 1018 4162; x_wconf 79' lang='lat' dir='ltr'>Cucbevel</span> <span class='ocrx_word' id='word_1_203' title='bbox 1040 4099 1052 4160; x_wconf 98' lang='lat' dir='ltr'>l</span> <span class='ocrx_word' id='word_1_204' title='bbox 1074 4119 1101 4180; x_wconf 94' lang='lat' dir='ltr'>p.</span> <span class='ocrx_word' id='word_1_205' title='bbox 1124 4104 1182 4162; x_wconf 76' lang='lat'>159</span> <span class='ocrx_word' id='word_1_206' title='bbox 1203 4119 1265 4180; x_wconf 89' lang='lat' dir='ltr'>sqq.</span> 
     </span>
    </p>
   </div>
   <div class='ocr_carea' id='block_1_5' title="bbox 467 4214 1578 4408">
    <p class='ocr_par' dir='ltr' id='par_1_8' title="bbox 467 4214 1578 4408">
     <span class='ocr_line' id='line_1_28' title="bbox 505 4214 1578 4296; baseline 0.002 -21"><span class='ocrx_word' id='word_1_207' title='bbox 505 4215 536 4288; x_wconf 69' lang='lat'>2)</span> <span class='ocrx_word' id='word_1_208' title='bbox 574 4214 658 4285; x_wconf 86' lang='lat' dir='ltr'>Quod</span> <span class='ocrx_word' id='word_1_209' title='bbox 686 4215 746 4296; x_wconf 90' lang='lat' dir='ltr'>ipse</span> <span class='ocrx_word' id='word_1_210' title='bbox 774 4233 880 4294; x_wconf 80' lang='lat' dir='ltr'>negans</span> <span class='ocrx_word' id='word_1_211' title='bbox 901 4215 1063 4288; x_wconf 85' lang='lat' dir='ltr'>confitetur,</span> <span class='ocrx_word' id='word_1_212' title='bbox 1083 4223 1117 4278; x_wconf 90' lang='lat' dir='ltr'>ut</span> <span class='ocrx_word' id='word_1_213' title='bbox 1137 4226 1219 4277; x_wconf 85' lang='lat' dir='ltr'>acute</span> <span class='ocrx_word' id='word_1_214' title='bbox 1239 4217 1370 4278; x_wconf 82' lang='lat' dir='ltr'>observat</span> <span class='ocrx_word' id='word_1_215' title='bbox 1393 4216 1578 4279; x_wconf 82' lang='lat' dir='ltr'>Cucbeval</span> 
     </span>
     <span class='ocr_line' id='line_1_29' title="bbox 467 4328 618 4408; baseline 0.007 -19"><span class='ocrx_word' id='word_1_216' title='bbox 467 4328 479 4389; x_wconf 97' lang='lat' dir='ltr'>l</span> <span class='ocrx_word' id='word_1_217' title='bbox 500 4347 528 4408; x_wconf 94' lang='lat' dir='ltr'>p.</span> <span class='ocrx_word' id='word_1_218' title='bbox 550 4331 618 4391; x_wconf 74' lang='lat'>189.</span> 
     </span>
    </p>
   </div>
   <div class='ocr_carea' id='block_1_6' title="bbox 0 0 1876 5518">
    <p class='ocr_par' dir='ltr' id='par_1_9' title="bbox 0 0 1876 5518">
     <span class='ocr_line' id='line_1_30' title="bbox 0 0 1876 5518; baseline 0 0"><span class='ocrx_word' id='word_1_219' title='bbox 0 0 1876 5518; x_wconf 95' lang='lat' dir='ltr'> </span> 
     </span>
    </p>
   </div>
  </div>
 </body>
</html>
