3792 5486
975 671 1021 740 96

593 871 655 930 Vix
676 889 732 948 ope
752 870 866 929 castelli
887 870 1084 948 defendimur,
1107 877 1137 930 et
1158 877 1257 930 tamen
1280 871 1360 930 intus

634 988 731 1046 Mixta
750 987 821 1046 iacit
840 987 963 1046 Graecis
984 987 1111 1047 barbara
1132 989 1220 1047 turba
1242 991 1362 1046 metum.

593 1103 709 1180 Quippe
730 1102 819 1161 simul
840 1103 925 1162 nobis
948 1103 1062 1162 habitat
1083 1102 1258 1162 discrimine,
1274 1101 1357 1162 nullo

634 1219 783 1280 Barbarus
804 1222 835 1276 et
856 1219 925 1276 teeti
949 1218 1014 1295 plus
1035 1237 1154 1296 quoque
1176 1223 1259 1296 parte
1281 1223 1372 1276 tenet.

1256 1334 1307 1408 (ib.
1334 1334 1513 1411 luti-30)

613 1451 694 1520 Quos
715 1457 829 1511 utnon
851 1451 965 1527 timeas,
989 1451 1080 1529 possis
1101 1450 1198 1510 odisse
1221 1448 1349 1508 ridendo

656 1566 790 1627 Pellibus
811 1572 840 1625 et
862 1566 953 1643 longa
973 1585 1097 1644 corpora
1118 1571 1196 1625 testa
1216 1585 1300 1626 coma
1324 1645 1368 1724 (b
1399 1647 1435 1703 31
1505 1648 1515 1718 )

1338 1665 1376 1706 ι.
1459 1663 1501 1722 sq.

675 1816 727 1874 vix
748 1827 819 1874 suut
840 1816 974 1874 homines
995 1817 1050 1874 boe
1073 1816 1192 1874 nomine
1214 1815 1307 1892 digni,

482 1746 563 1793 nam

636 1932 792 2008 Quamque
814 1933 876 2009 lupi
898 1951 1005 1991 saevae
1027 1932 1094 2010 plus
1114 1930 1242 1990 feritatis
1264 1931 1384 1990 babent.

594 2048 659 2107 Non
682 2053 819 2107 metuunt
841 2048 929 2125 leges,
951 2048 1002 2107 sed
1023 2048 1102 2107 aedit
1124 2048 1237 2107 viribus
1257 2067 1396 2125 aequum,

634 2163 781 2240 Victaque
803 2164 930 2241 pugnaci
952 2165 1019 2223 iura
1039 2164 1094 2222 sub
1115 2182 1185 2222 ense
1207 2165 1313 2222 iacent,

1265 2277 1318 2356 (ib.
1341 2279 1511 2356 utu-48).

480 2411 515 2480 Si
540 2411 729 2479 necessitas
753 2411 857 2498 cogit,
880 2411 953 2499 ipse
980 2410 1125 2479 Ovidius
1148 2431 1191 2478 ex
1216 2418 1318 2499 poeta
1343 2411 1382 2477 lit
1408 2411 1524 2478 miles:

592 2553 620 2612 N
624 2572 680 2612 unc
700 2554 799 2612 senior
819 2553 978 2630 gladioque
1000 2554 1078 2613 latus
1099 2561 1240 2632 scutoque
1262 2555 1424 2622 sinistram,

632 2667 777 2727 canitiem
799 2668 903 2745 galeae
924 2670 1095 2746 subicioque
1118 2688 1222 2728 meam.

710 2783 765 2857 (IV
790 2785 855 2842 173
877 2803 919 2861 sq.
941 2784 979 2843 cl.
1000 2803 1039 2843 ex
1061 2786 1093 2844 P.
1117 2786 1130 2843 Ι
1153 2788 1199 2844 bi
1224 2805 1267 2863 sq.
1288 2804 1379 2862 supra
1401 2803 1427 2862 p.
1451 2786 1512 2856 94.)

477 2915 578 2982 Tales
626 2917 794 2998 homines,
849 2937 941 3005 aqua
973 2939 1043 2985 non
1086 2919 1283 2996 iucundior,
1325 2939 1394 2984 non
1433 2917 1552 2985 mitius

433 3040 588 3108 caelum!
615 3040 728 3108 Semel
753 3048 859 3128 atque
883 3043 1011 3108 iterum
1037 3062 1079 3110 ea
1102 3043 1281 3130 queritur:

592 3183 653 3242 Nee
673 3183 789 3242 eaelum
811 3184 907 3260 patior
928 3201 981 3241 use
1003 3185 1089 3261 aquis
1110 3184 1302 3244 adsuevimus
1326 3186 1399 3244 istis.

1296 3301 1358 3379 (Tr.
1381 3302 1430 3359 Ill
1452 3304 1513 3374 bt)

593 3378 679 3438 Unda
700 3379 840 3455 locusque
861 3385 977 3440 nocent.

1242 3464 1293 3535 (ex
1317 3461 1350 3520 P.
1374 3463 1388 3520 1
1412 3462 1511 3534 1035)

636 3574 791 3648 Aequoreo
813 3574 925 3633 bibitur
946 3593 1013 3633 aum
1035 3575 1096 3634 sale
1118 3576 1213 3634 mixta
1235 3576 1327 3652 palus.

1303 3692 1354 3765 (ib.
1377 3693 1408 3751 11
1431 3695 1511 3772 uu)

592 3803 653 3861 Nee
675 3803 728 3861 tibi
751 3810 820 3863 sunt
842 3804 939 3864 fontes
963 3805 1059 3864 laticis
1081 3807 1136 3864 nisi
1160 3825 1253 3884 paene
1277 3808 1394 3884 marini,

631 3917 688 3987 Qui
711 3923 798 3996 potus
819 3918 942 3978 dubium
964 3921 1049 3979 sistat
1069 3920 1169 3980 alatne
1180 3923 1269 3981 sitim.

1220 4038 1272 4110 (ib.
1294 4038 1342 4096 Ill
1367 4041 1431 4098 l.l'i
1454 4043 1510 4117 sq.)

591 4149 671 4218 Quin
693 4151 793 4234 etiam,
816 4155 922 4228 stagno
943 4152 1048 4210 similis
1069 4153 1231 4230 pigraeque
1253 4153 1365 4230 paludi,

631 4265 794 4324 Caeruleus
816 4267 869 4324 vix
890 4273 936 4325 est
956 4266 1141 4344 diluiturque
1161 4266 1249 4327 eolor.

1266 4348 1323 4421 (IV
1346 4350 1430 4407 luel
1454 4349 1510 4427 sq.)
