3792 5486
880 703 947 772 149

348 900 433 989 cipis
455 900 547 968 iram
571 899 620 968 nil
644 920 773 970 curans
797 901 965 971 Senecam
990 902 1130 971 exulem
1146 904 1334 973 comitatus
1346 910 1410 990 est,
1431 912 1471 974 ut

348 1031 469 1114 postea
491 1025 608 1114 ipsum
632 1024 836 1094 exulantem
859 1026 899 1107 Q.
925 1025 1090 1096 Ovidius:

467 1167 619 1228 Maximus
640 1167 692 1227 illo
717 1173 795 1245 tuns,
817 1168 917 1246 Ovidi,
939 1170 1101 1230 Caesonine
1122 1170 1170 1230 hio
1190 1177 1250 1247 ost3

507 1283 601 1345 Ocius
620 1283 717 1344 adhuc
739 1285 855 1346 vultum
877 1286 980 1346 vivida
1000 1305 1068 1346 cera
1088 1292 1180 1350 tenet.

468 1399 557 1458 Hunc
577 1399 659 1459 Nero
679 1400 850 1460 damnavit:
872 1402 923 1461 sed
947 1407 981 1462 tn
1003 1403 1146 1462 damnare
1168 1403 1318 1462 Neronem

510 1515 609 1575 Auens
629 1534 662 1575 ea
682 1522 712 1576 ot
733 1517 861 1595 profugi,
884 1536 943 1577 non
967 1523 1028 1596 tna,
1051 1517 1113 1578 iate
1135 1519 1228 1596 sequi.

470 1633 611 1709 Aequora
631 1650 684 1709 per
706 1633 823 1710 Scyllae
846 1653 972 1711 magnus
992 1652 1090 1694 comes
1111 1634 1210 1694 exulis
1230 1633 1296 1693 isti:

510 1746 568 1816 Qui
591 1747 678 1808 modo
699 1749 839 1809 nolueras
859 1750 990 1809 conculis
1011 1751 1055 1809 ire
1075 1767 1182 1810 comer.

470 1861 502 1922 Si
524 1863 640 1922 victura
662 1864 735 1922 meis
757 1863 937 1924 mandentur
957 1865 1079 1925 nomine
1100 1865 1220 1941 chartis,

510 1978 547 2036 nt
569 1977 615 2037 las
636 1982 681 2037 eat
702 1979 795 2038 cineri
818 1997 865 2038 mo
885 1998 1039 2058 superesse
1060 1997 1142 2040 meo:

469 2094 580 2153 Audiet
601 2093 656 2154 hoc
677 2112 827 2171 praesens,
848 2100 1035 2174 venturaque
1055 2095 1158 2156 turbe:
1181 2095 1272 2156 luisse

510 2209 559 2268 Illi
580 2216 619 2287 te,
641 2208 771 2270 Senecae
791 2210 870 2288 qnod
892 2210 950 2270 init
970 2210 1021 2271 ille
1043 2229 1106 2271 suo.

1123 2324 1266 2405 (norunt.
1288 2326 1348 2384 vn
1370 2328 1431 2400 43),

514 2440 649 2501 Facundi
671 2441 799 2502 Senecae
820 2447 925 2520 potens
945 2443 1068 2515 amiens,

511 2555 588 2616 Caro
610 2557 774 2634 proximus,
795 2563 848 2617 eut
868 2559 949 2636 prior
970 2558 1090 2628 Sereno,

509 2673 567 2732 Hic
589 2678 634 2731 est
654 2674 805 2733 Maximus
825 2673 877 2732 ille
898 2692 986 2752 quem
1010 2673 1159 2752 frequenti

510 2787 597 2847 Felix
617 2789 719 2848 littera
739 2789 850 2866 pagina
872 2788 991 2848 salutet.

1206 2887 1257 2962 (ib.
1280 2887 1430 2964 tal-4).

394 3019 446 3086 Ex
471 3019 565 3089 hisce
589 3019 854 3108 epigrammatis
878 3019 1117 3109 comperimus
1135 3019 1343 3088 Caesonium
1360 3018 1470 3088 Maxi·

352 3164 450 3212 mum
477 3143 630 3213 Senecae
654 3145 808 3214 amicum
834 3165 905 3213 non
929 3144 1043 3212 solum
1067 3143 1224 3212 exulanti
1249 3143 1470 3212 carissimum

351 3269 469 3348 fuisse,
504 3268 564 3336 sed
600 3270 706 3337 etiam
732 3274 853 3358 postea
875 3269 918 3336 ad
943 3288 1025 3336 eum
1049 3267 1150 3336 datas
1173 3287 1249 3336 esse
1275 3267 1470 3355 permultas

350 3392 528 3482 epistulas,
553 3413 644 3483 quaa
669 3391 867 3480 publicatae
895 3413 1058 3481 magnam
1082 3392 1244 3461 notitiam
1258 3399 1468 3461 consecutae

351 3519 429 3586 sint.
454 3518 619 3588 Ceterum
633 3516 676 3584 de
689 3516 858 3586 Caesonio
871 3518 949 3604 (aut
961 3515 1153 3586 Caesennio
1167 3538 1198 3585 v.
1213 3516 1470 3606 Nipperdey

351 3643 392 3711 ad
419 3642 500 3712 Tac.
524 3643 565 3710 A.
590 3641 653 3710 XV
677 3640 736 3730 71)
761 3641 914 3709 Maximo
929 3640 1079 3709 multum
1093 3643 1174 3710 novi
1192 3663 1261 3710 non
1275 3641 1468 3725 discimus3

351 3787 441 3857 quae
465 3766 636 3835 Martialis
659 3766 743 3834 dicit
766 3765 809 3834 de
833 3765 1071 3834 familiaritate
1097 3765 1242 3833 Maximi
1266 3772 1301 3834 et
1314 3765 1468 3834 Senecae

351 3893 575 3982 aliquatenus
597 3891 855 3961 confirmantur
876 3912 898 3958 a
922 3890 1053 3974 Tacito,
1066 3891 1222 3979 quieum
1235 3897 1275 3958 ut
1288 3891 1468 3959 conscium

351 4017 557 4086 Pisonianae
592 4016 844 4086 coniurationis
878 4014 978 4082 Italia
1001 4014 1217 4105 prohibitum
1242 4014 1364 4082 scribit
1389 4013 1469 4103 (ll.)

351 4147 387 4210 et
419 4141 464 4210 ab
497 4142 573 4230 ipso
607 4141 751 4225 Seneca,
785 4140 846 4228 qui
881 4147 1004 4208 narrat
1040 4143 1109 4228 (ep.
1141 4137 1234 4226 872)
1269 4139 1305 4206 in
1342 4139 1468 4206 itinere

351 4265 505 4355 quodam
540 4265 758 4349 „Maximum
789 4264 915 4332 suum”
941 4263 1007 4332 sibi
1030 4264 1193 4332 comitem
1220 4263 1337 4346 fuisse,
1362 4282 1468 4351 quem

351 4390 503 4459 eundem
534 4390 641 4458 luisse
668 4399 775 4478 atque
804 4388 1013 4458 Caesonium
1043 4387 1237 4456 Maximum
1265 4407 1336 4455 non
1365 4388 1470 4454 nimis
