3734 5518
901 685 944 754 77

365 882 545 952 siderium.
581 883 787 954 Graviorem
823 884 931 973 igitur
954 903 1103 972 poenam
1128 883 1264 954 institui
1289 883 1483 973 oportebat,

365 1015 402 1078 ut
438 1031 459 1078 a
493 1009 625 1079 scelere
658 1008 928 1078 absterreretur.
964 1008 1186 1086 blandendae
1222 1015 1325 1078 erant
1347 1008 1483 1078 insulae

365 1131 443 1201 illae
478 1134 673 1218 beatorum,
708 1133 779 1214 ubi,
802 1135 863 1222 qui
887 1134 1031 1202 omniuo
1054 1133 1260 1221 dignitatem
1285 1133 1484 1204 amisissent

363 1259 502 1326 etiamsi
525 1259 655 1328 Romae
681 1259 900 1340 mansissent,
913 1259 984 1326 otio
996 1257 1207 1326 fruebantur
1220 1258 1483 1330 iucundissimo.

364 1382 454 1453 Hinc
485 1385 643 1454 clausula
674 1385 734 1453 illa
757 1386 793 1453 in
817 1384 892 1473 lege
916 1383 960 1452 de
982 1383 1086 1452 exilio
1110 1382 1297 1467 Ciceronis,
1311 1385 1483 1467 „neintra

367 1509 626 1599 quadringenta
660 1507 756 1578 milia
790 1507 955 1578 abitalia
979 1508 1102 1576 essel.''
1128 1508 1182 1575 An
1208 1508 1343 1597 primns
1366 1507 1483 1593 luerit,

364 1635 421 1704 cui
445 1633 533 1702 lines
558 1635 759 1704 accuratius
773 1631 1241 1724 praescriberenturdubito.
1263 1631 1388 1701 Postea
1401 1653 1483 1701 vero

364 1777 444 1826 cnm
477 1759 544 1826 sub
578 1758 851 1849 imperatoribus
878 1759 1016 1847 imperii
1052 1757 1186 1826 incolae
1209 1764 1310 1828 extra
1334 1757 1480 1828 Romam

368 1883 500 1952 maiore
525 1882 687 1952 libertate
712 1885 916 1953 fruerentur
939 1903 1046 1972 qnam
1071 1882 1176 1951 aulici
1189 1880 1372 1969 quibusvis
1383 1883 1478 1972 prin·

363 2008 450 2097 cipis
472 2007 676 2078 libidinibus
699 2008 850 2093 obnoxii,
876 2007 1009 2076 bomini
1032 2007 1204 2076 libertatis
1227 2007 1361 2076 amanti
1381 2015 1481 2097 opla-

255 2221 262 2238 .
363 2132 433 2200 tius
456 2132 563 2202 luisse
587 2153 729 2203 necesse
752 2141 805 2203 est
828 2132 971 2201 exilium
995 2131 1100 2222 qualo
1122 2139 1227 2200 antea
1243 2131 1478 2220 lueretquam

365 2254 534 2326 lubricam
559 2259 803 2346 incertamque
826 2257 933 2325 unius
947 2256 1184 2345 virigratiam.
1209 2254 1286 2336 Quo
1299 2261 1480 2346 comperto

362 2381 431 2449 iam
451 2382 633 2472 Angustus
644 2382 787 2451 exilium
804 2381 1012 2471 plerumque
1024 2379 1237 2469 relegatione
1252 2380 1303 2450 vel
1316 2381 1480 2470 deporta·

361 2507 455 2576 tione
477 2509 636 2590 mutavit,
655 2527 807 2595 quarum
823 2504 883 2575 ills
902 2506 973 2574 iam
994 2525 1035 2573 eo
1049 2506 1167 2573 minus
1180 2506 1275 2574 mitis
1286 2512 1373 2585 erat,
1385 2503 1477 2594 quod

362 2631 535 2718 relegatis,
556 2651 772 2721 quamquam
795 2649 907 2719 aeque
927 2636 1034 2719 atque
1056 2628 1176 2697 exules
1195 2629 1336 2699 civitate
1351 2629 1480 2696 amissa

361 2755 558 2826 libertatem
587 2755 786 2825 retinebant
815 2753 940 2839 (Gaius
968 2752 1136 2844 1§·l6l)‚
1154 2753 1242 2822 liber
1261 2758 1480 2822 commeatus

360 2889 459 2950 extra
483 2881 571 2950 lines
591 2880 711 2950 ltaliae
723 2879 955 2948 adimebatur.
971 2878 1084 2967 Vulgo
1096 2879 1190 2947 enim
1204 2886 1322 2948 certus
1334 2877 1478 2946 delinie-

362 3005 465 3075 batur
489 3005 597 3090 locus‚
620 3007 692 3074 sive
717 3005 896 3095 provincia
919 3002 1204 3085 siveiusnla‚ubi
1219 3000 1418 3071 babitarent
1437 3004 1477 3090 ¹).

362 3129 537 3200 Bnnorum
563 3131 705 3220 quidem
730 3129 947 3219 possessione
973 3128 1127 3217 relegato
1150 3147 1219 3195 non
1244 3124 1478 3195 interdiceba-

360 3260 418 3323 tur
440 3255 500 3325 sed
528 3255 599 3323 iam
624 3254 705 3324 inde
729 3253 774 3322 ab
798 3253 959 3342 Augusto
984 3252 1172 3341 „quoniam
1194 3249 1378 3320 delicatius
1389 3269 1477 3319 uon-

364 3379 452 3448 nulli
485 3378 672 3448 vivebant’
706 3399 748 3447 eo
779 3397 891 3466 nsque
915 3377 1130 3447 coercendus
1149 3382 1226 3444 erat
1249 3395 1355 3464 opum
1380 3394 1477 3458 usus,

361 3510 399 3572 ul
438 3502 736 3600 praescriberetur
768 3509 846 3583 μήτε
878 3499 978 3566 πλοῖα
1017 3499 1118 3564 πλείω
1151 3505 1303 3583 φορτικοῦ
1344 3523 1377 3562 τε
1406 3500 1477 3571 troc

360 3719 569 3728 -—.——.-.-

397 3867 429 3943 ll
471 3864 524 3926 llio
553 3868 666 3941 (5627)
697 3866 931 3930 constitutionem
955 3867 1099 3948 quandum
1122 3866 1244 3946 Augusti
1266 3875 1474 3928 commemorat

356 3999 413 4062 qua
449 3981 648 4064 ἀπηγόρευσε
687 3981 814 4064 μηδένα
848 3985 948 4066 πυρὸςΙ
972 3985 1026 4046 καί
1053 3981 1170 4054 troarne
1200 3981 1376 4068 είρχδίιτοι
1397 3991 1474 4064 μήτε

357 4109 391 4170 ἐν
430 4109 551 4192 ἠπείρῳ
587 4108 784 4192 διατρίβειν,
821 4115 900 4191 μήτε
937 4111 972 4174 ἓν
1007 4117 1091 4192 νήσῳ
1125 4113 1191 4172 τὼι
1222 4109 1294 4171 ὀσοιι
1334 4105 1474 4172 ε”λαττοιι

358 4237 573 4316 τετρακοσίων
598 4236 663 4299 ἀπὸ
689 4247 745 4316 τῆς
773 4237 907 4320 ἠπείρου
933 4235 1074 4301 σταδίων
1099 4234 1256 4320 ἀπέχουσι
1277 4230 1387 4315 ’πλὴν
1417 4239 1474 4296 Κῶ

361 4384 394 4424 τε
424 4365 477 4424 καί
503 4361 639 4443 Ῥόδου,
665 4363 816 4447 Σαρδοῦς
845 4387 877 4427 τε
901 4368 955 4427 nul
976 4364 1118 4448 Λέσβου.
