3792 5486
623 1899 939 2041 Caput
1011 1901 1145 2011 IV.

817 2199 976 2215 W

732 2379 797 2472 DE
830 2378 1040 2473 PATRIA.

373 2663 637 2752 Antiquissinris
660 2662 879 2752 temporibus
903 2665 1018 2752 patria
1041 2683 1161 2732 carere
1178 2662 1341 2731 exulibus
1355 2662 1446 2731 idem

326 2785 549 2875 significabat
573 2793 680 2875 atque
704 2788 799 2855 omni
826 2787 915 2855 vitae
928 2787 1114 2876 splendore
1126 2794 1162 2855 et
1174 2787 1359 2856 commodo
1370 2789 1443 2856 iarn

326 2931 402 2978 esse
428 2912 624 3000 privatum:
649 2931 729 2980 cum
755 2910 922 2999 religione
935 2912 1001 2994 ina,
1014 2932 1095 2980 oum
1109 2911 1243 2979 familia
1255 2931 1349 3000 ορεε,
1362 2932 1444 2980 cum

327 3035 467 3104 civitate
505 3036 654 3104 honores
691 3033 898 3125 effugerant.
934 3035 1011 3104 Non
1036 3036 1144 3124 igitur
1169 3035 1298 3104 mirum
1322 3043 1386 3114 est,
1417 3035 1446 3103 si

326 3178 406 3228 aore
442 3159 576 3248 patriae
612 3159 770 3228 nascitur
801 3159 1013 3228 desiderium
1039 3167 1157 3248 atque,
1181 3159 1241 3228 illa
1266 3165 1444 3228 tantorum

329 3302 515 3351 munerum
540 3289 664 3352 auctor
688 3284 717 3351 si
740 3284 870 3352 amissa
892 3291 956 3367 est,
982 3282 1078 3352 velut
1101 3283 1209 3352 orbus
1221 3284 1326 3353 homo
1339 3284 1446 3352 relin-

327 3409 458 3495 quitur,
483 3428 554 3495 qua
566 3407 609 3476 de
621 3428 729 3477 causa
741 3409 875 3496 patriae
888 3428 989 3476 amor
1001 3408 1093 3476 inter
1105 3408 1293 3477 altissimos
1305 3428 1445 3498 sempor

327 3532 435 3601 animi
458 3531 606 3601 affectus
629 3532 705 3601 fuit.
730 3531 791 3600 lile
815 3539 934 3601 autem
959 3553 1059 3602 amor
1083 3533 1254 3602 atavismo
1278 3532 1444 3623 quodam,

328 3664 367 3726 ut
400 3677 496 3726 nuno
530 3656 719 3746 loquimur,
755 3657 949 3746 permansit
978 3658 1084 3726 etiam
1116 3678 1197 3727 cum
1220 3657 1445 3726 incommoda

325 3782 385 3850 iila
428 3781 718 3871 peregrinationis
762 3802 831 3850 non
875 3782 946 3849 iam
988 3781 1186 3865 exstabant,
1228 3803 1309 3850 curn
1346 3782 1445 3850 nulla

325 3907 396 3974 iam
431 3906 525 3974 iusta
557 3925 664 3975 causa
687 3912 765 3974 erat
789 3907 931 3989 homini,
956 3926 1021 3975 our
1044 3927 1144 3974 suam
1169 3906 1304 3974 alienae
1328 3913 1443 3974 terrae

326 4030 522 4120 praeferret
545 4031 599 4098 Ita
623 4037 727 4099 natus
750 4037 804 4099 est
828 4031 1107 4120 „amorpatriae
1121 4031 1257 4099 ratione
1271 4029 1444 4098 valentior

326 4155 445 4224 omni”
469 4156 549 4243 (Ov.
574 4176 617 4224 ex
640 4155 677 4224 P.
702 4155 845 4244 1329).

371 4279 537 4348 Attamen
562 4301 630 4348 non
656 4281 699 4348 de
723 4301 764 4349 eo
788 4301 909 4349 amore
933 4280 966 4348 ei
986 4282 1046 4368 qui
1067 4279 1110 4347 do
1124 4280 1257 4368 patriae
1270 4279 1442 4348 desiderio

325 4404 362 4472 in
397 4404 574 4490 Cicerone,
611 4405 746 4490 Ouidio,
780 4405 913 4474 Seneca
951 4407 1032 4492 agit,
1060 4404 1248 4473 dicendum
1275 4410 1340 4484 est,
1359 4425 1441 4472 nam
