<?xml version="1.0" encoding="UTF-8"?>
<!DOCTYPE html PUBLIC "-//W3C//DTD XHTML 1.0 Transitional//EN"
    "http://www.w3.org/TR/xhtml1/DTD/xhtml1-transitional.dtd">
<html xmlns="http://www.w3.org/1999/xhtml" xml:lang="en" lang="en">
 <head>
  <title>
</title>
<meta http-equiv="Content-Type" content="text/html;charset=utf-8" />
  <meta name='ocr-system' content='tesseract 3.04.00' />
  <meta name='ocr-capabilities' content='ocr_page ocr_carea ocr_par ocr_line ocrx_word'/>
</head>
<body>
  <div class='ocr_page' id='page_1' title='image "./exulumtriassive00leopgoog_0190.png"; bbox 0 0 3778 5488; ppageno 0'>
   <div class='ocr_carea' id='block_1_1' title="bbox 870 716 1054 784">
    <p class='ocr_par' dir='ltr' id='par_1_1' title="bbox 870 716 1054 784">
     <span class='ocr_line' id='line_1_1' title="bbox 870 716 1054 784; baseline 0 0"><span class='ocrx_word' id='word_1_1' title='bbox 870 716 936 784; x_wconf 75' lang='lat'><strong>177</strong></span> <span class='ocrx_word' id='word_1_2' title='bbox 1050 767 1054 772; x_wconf 89' lang='lat'>-</span> 
     </span>
    </p>
   </div>
   <div class='ocr_carea' id='block_1_2' title="bbox 342 913 1458 999">
    <p class='ocr_par' dir='ltr' id='par_1_2' title="bbox 342 913 1458 999">
     <span class='ocr_line' id='line_1_2' title="bbox 342 913 1458 999; baseline 0.003 -23"><span class='ocrx_word' id='word_1_3' title='bbox 342 924 379 998; x_wconf 83' lang='grc' dir='ltr'><strong>τῇ</strong></span> <span class='ocrx_word' id='word_1_4' title='bbox 423 915 576 999; x_wconf 71' lang='grc' dir='ltr'><strong>πρεσβείᾳ</strong></span> <span class='ocrx_word' id='word_1_5' title='bbox 619 914 674 979; x_wconf 77' lang='grc' dir='ltr'><strong>διά</strong></span> <span class='ocrx_word' id='word_1_6' title='bbox 714 938 812 978; x_wconf 76' lang='grc' dir='ltr'><em>τινων</em></span> <span class='ocrx_word' id='word_1_7' title='bbox 853 913 1228 998; x_wconf 69' lang='grc' dir='ltr'><strong><em>προπαρεσκευασμίνων</em></strong></span> <span class='ocrx_word' id='word_1_8' title='bbox 1263 914 1458 996; x_wconf 73' lang='grc' dir='ltr'><strong><em>συνέκοψεν.</em></strong></span> 
     </span>
    </p>
   </div>
   <div class='ocr_carea' id='block_1_3' title="bbox 224 1041 1582 4374">
    <p class='ocr_par' dir='ltr' id='par_1_3' title="bbox 338 1041 1503 1380">
     <span class='ocr_line' id='line_1_3' title="bbox 385 1041 1503 1133; baseline 0.001 -24"><span class='ocrx_word' id='word_1_9' title='bbox 385 1041 508 1132; x_wconf 83' lang='lat' dir='ltr'><strong>Neque</strong></span> <span class='ocrx_word' id='word_1_10' title='bbox 542 1050 664 1133; x_wconf 80' lang='lat' dir='ltr'><strong>postea</strong></span> <span class='ocrx_word' id='word_1_11' title='bbox 687 1042 892 1113; x_wconf 83' lang='lat' dir='ltr'><strong>Ciceronem</strong></span> <span class='ocrx_word' id='word_1_12' title='bbox 918 1043 1110 1110; x_wconf 81' lang='lat' dir='ltr'><strong>amicitiam</strong></span> <span class='ocrx_word' id='word_1_13' title='bbox 1135 1041 1221 1126; x_wconf 91' lang='lat' dir='ltr'><strong>eius,</strong></span> <span class='ocrx_word' id='word_1_14' title='bbox 1246 1062 1352 1132; x_wconf 90' lang='lat' dir='ltr'><strong>quem</strong></span> <span class='ocrx_word' id='word_1_15' title='bbox 1377 1062 1458 1130; x_wconf 89' lang='lat' dir='ltr'><strong>pro·</strong></span> <span class='ocrx_word' id='word_1_16' title='bbox 1499 1043 1503 1048; x_wconf 83' lang='grc'><strong>’</strong></span> 
     </span>
     <span class='ocr_line' id='line_1_4' title="bbox 338 1165 1457 1256; baseline 0.001 -23"><span class='ocrx_word' id='word_1_17' title='bbox 338 1165 479 1235; x_wconf 89' lang='lat' dir='ltr'><strong>ditionis</strong></span> <span class='ocrx_word' id='word_1_18' title='bbox 502 1168 631 1237; x_wconf 86' lang='lat' dir='ltr'><strong>totiens</strong></span> <span class='ocrx_word' id='word_1_19' title='bbox 654 1174 892 1251; x_wconf 81' lang='lat' dir='ltr'><strong>accusaverat,</strong></span> <span class='ocrx_word' id='word_1_20' title='bbox 915 1167 1103 1256; x_wconf 82' lang='lat' dir='ltr'><strong>respuisse,</strong></span> <span class='ocrx_word' id='word_1_21' title='bbox 1123 1167 1192 1235; x_wconf 90' lang='lat' dir='ltr'><strong>iam</strong></span> <span class='ocrx_word' id='word_1_22' title='bbox 1205 1166 1457 1256; x_wconf 88' lang='lat' dir='ltr'><strong>indoapparet,</strong></span> 
     </span>
     <span class='ocr_line' id='line_1_5' title="bbox 338 1288 1458 1380; baseline 0.001 -21"><span class='ocrx_word' id='word_1_23' title='bbox 338 1290 432 1379; x_wconf 92' lang='lat' dir='ltr'><strong>quod</strong></span> <span class='ocrx_word' id='word_1_24' title='bbox 456 1291 561 1362; x_wconf 90' lang='lat' dir='ltr'><strong>simul</strong></span> <span class='ocrx_word' id='word_1_25' title='bbox 586 1313 668 1362; x_wconf 89' lang='lat' dir='ltr'><strong>oum</strong></span> <span class='ocrx_word' id='word_1_26' title='bbox 692 1313 733 1363; x_wconf 90' lang='lat' dir='ltr'><strong>eo</strong></span> <span class='ocrx_word' id='word_1_27' title='bbox 757 1292 911 1362; x_wconf 86' lang='lat' dir='ltr'><strong>Sestium</strong></span> <span class='ocrx_word' id='word_1_28' title='bbox 935 1291 1092 1361; x_wconf 82' lang='lat' dir='ltr'><strong>defendit</strong></span> <span class='ocrx_word' id='word_1_29' title='bbox 1104 1289 1185 1380; x_wconf 92' lang='lat' dir='ltr'><strong>(pro</strong></span> <span class='ocrx_word' id='word_1_30' title='bbox 1197 1290 1285 1359; x_wconf 85' lang='lat' dir='ltr'><strong>Sest.</strong></span> <span class='ocrx_word' id='word_1_31' title='bbox 1298 1288 1458 1376; x_wconf 57' lang='grc'><strong>314).-</strong></span> 
     </span>
    </p>

    <p class='ocr_par' dir='ltr' id='par_1_4' title="bbox 324 1414 1582 3374">
     <span class='ocr_line' id='line_1_6' title="bbox 382 1414 1456 1506; baseline 0.001 -23"><span class='ocrx_word' id='word_1_32' title='bbox 382 1414 1456 1506; x_wconf 83' lang='lat' dir='ltr'><strong>P.CorneliusLentulusSpinther-„noneolum</strong></span> 
     </span>
     <span class='ocr_line' id='line_1_7' title="bbox 336 1539 1455 1634; baseline 0 -26"><span class='ocrx_word' id='word_1_33' title='bbox 336 1540 555 1630; x_wconf 79' lang='lat' dir='ltr'><strong>temporibus</strong></span> <span class='ocrx_word' id='word_1_34' title='bbox 590 1542 654 1624; x_wconf 89' lang='lat' dir='ltr'><strong>his,</strong></span> <span class='ocrx_word' id='word_1_35' title='bbox 689 1564 780 1634; x_wconf 89' lang='lat' dir='ltr'><strong>quae</strong></span> <span class='ocrx_word' id='word_1_36' title='bbox 815 1563 878 1634; x_wconf 87' lang='lat' dir='ltr'><strong>per</strong></span> <span class='ocrx_word' id='word_1_37' title='bbox 912 1549 946 1611; x_wconf 90' lang='lat' dir='ltr'><strong>te</strong></span> <span class='ocrx_word' id='word_1_38' title='bbox 981 1561 1061 1611; x_wconf 89' lang='lat' dir='ltr'><strong>sum</strong></span> <span class='ocrx_word' id='word_1_39' title='bbox 1096 1539 1255 1630; x_wconf 84' lang='lat' dir='ltr'><strong>adeptus,</strong></span> <span class='ocrx_word' id='word_1_40' title='bbox 1289 1539 1349 1607; x_wconf 91' lang='lat' dir='ltr'><strong>sed</strong></span> <span class='ocrx_word' id='word_1_41' title='bbox 1384 1540 1455 1608; x_wconf 88' lang='lat' dir='ltr'><strong>iam</strong></span> 
     </span>
     <span class='ocr_line' id='line_1_8' title="bbox 335 1664 1455 1758; baseline -0.002 -24"><span class='ocrx_word' id='word_1_42' title='bbox 335 1665 418 1734; x_wconf 93' lang='lat' dir='ltr'><strong>olim</strong></span> <span class='ocrx_word' id='word_1_43' title='bbox 454 1669 610 1738; x_wconf 84' lang='lat' dir='ltr'><strong>nascenti</strong></span> <span class='ocrx_word' id='word_1_44' title='bbox 647 1688 755 1758; x_wconf 84' lang='lat' dir='ltr'>prope</span> <span class='ocrx_word' id='word_1_45' title='bbox 790 1674 931 1737; x_wconf 87' lang='lat' dir='ltr'><strong>nostrae</strong></span> <span class='ocrx_word' id='word_1_46' title='bbox 962 1666 1059 1736; x_wconf 87' lang='lat' dir='ltr'><strong>laudi</strong></span> <span class='ocrx_word' id='word_1_47' title='bbox 1082 1665 1314 1756; x_wconf 80' lang='lat' dir='ltr'><strong>dignitatique</strong></span> <span class='ocrx_word' id='word_1_48' title='bbox 1338 1664 1455 1733; x_wconf 87' lang='lat' dir='ltr'><strong>lavisti</strong></span> 
     </span>
     <span class='ocr_line' id='line_1_9' title="bbox 335 1789 1582 1883; baseline 0.001 -26"><span class='ocrx_word' id='word_1_49' title='bbox 335 1789 393 1875; x_wconf 87' lang='lat' dir='ltr'><strong>(ad</strong></span> <span class='ocrx_word' id='word_1_50' title='bbox 418 1791 442 1860; x_wconf 86' lang='lat' dir='ltr'><strong>f.</strong></span> <span class='ocrx_word' id='word_1_51' title='bbox 466 1791 481 1859; x_wconf 90' lang='lat' dir='ltr'><strong>l</strong></span> <span class='ocrx_word' id='word_1_52' title='bbox 505 1791 569 1873; x_wconf 86' lang='lat'><strong>7.8,</strong></span> <span class='ocrx_word' id='word_1_53' title='bbox 593 1814 625 1861; x_wconf 89' lang='lat' dir='ltr'><strong>a.</strong></span> <span class='ocrx_word' id='word_1_54' title='bbox 649 1792 729 1878; x_wconf 76' lang='lat' dir='ltr'><strong>56r’</strong></span> <span class='ocrx_word' id='word_1_55' title='bbox 753 1833 797 1842; x_wconf 97' lang='lat'>-</span> <span class='ocrx_word' id='word_1_56' title='bbox 821 1800 963 1883; x_wconf 88' lang='lat' dir='ltr'><strong>praetor</strong></span> <span class='ocrx_word' id='word_1_57' title='bbox 982 1814 1013 1861; x_wconf 92' lang='lat' dir='ltr'><strong>a.</strong></span> <span class='ocrx_word' id='word_1_58' title='bbox 1033 1793 1078 1860; x_wconf 78' lang='lat'><strong>59</strong></span> <span class='ocrx_word' id='word_1_59' title='bbox 1096 1791 1189 1859; x_wconf 90' lang='lat' dir='ltr'><strong>inter</strong></span> <span class='ocrx_word' id='word_1_60' title='bbox 1202 1790 1454 1874; x_wconf 87' lang='lat' dir='ltr'><strong>„amicissimos</strong></span> <span class='ocrx_word' id='word_1_61' title='bbox 1579 1867 1582 1873; x_wconf 52' lang='grc'>,</span> 
     </span>
     <span class='ocr_line' id='line_1_10' title="bbox 334 1914 1453 2007; baseline 0.001 -25"><span class='ocrx_word' id='word_1_62' title='bbox 334 1920 370 1983; x_wconf 89' lang='lat' dir='ltr'><strong>et</strong></span> <span class='ocrx_word' id='word_1_63' title='bbox 393 1918 584 1988; x_wconf 84' lang='lat' dir='ltr'><strong>acerrimos</strong></span> <span class='ocrx_word' id='word_1_64' title='bbox 608 1918 722 1987; x_wconf 86' lang='lat' dir='ltr'><strong>rives&#39;’</strong></span> <span class='ocrx_word' id='word_1_65' title='bbox 746 1927 824 1988; x_wconf 89' lang='lat' dir='ltr'><strong>erat</strong></span> <span class='ocrx_word' id='word_1_66' title='bbox 847 1918 905 2007; x_wconf 88' lang='lat' dir='ltr'><strong>(ad</strong></span> <span class='ocrx_word' id='word_1_67' title='bbox 931 1917 961 1998; x_wconf 87' lang='lat' dir='ltr'>Q</span> <span class='ocrx_word' id='word_1_68' title='bbox 984 1915 1161 2005; x_wconf 65' lang='lat' dir='ltr'><strong>fullio)</strong></span> <span class='ocrx_word' id='word_1_69' title='bbox 1174 1922 1281 2004; x_wconf 85' lang='lat' dir='ltr'><strong>atque</strong></span> <span class='ocrx_word' id='word_1_70' title='bbox 1294 1914 1453 2004; x_wconf 72' lang='lat' dir='ltr'><strong>proximo</strong></span> 
     </span>
     <span class='ocr_line' id='line_1_11' title="bbox 334 2037 1452 2132; baseline 0 -24"><span class='ocrx_word' id='word_1_71' title='bbox 334 2060 426 2110; x_wconf 85' lang='lat' dir='ltr'><strong>anno</strong></span> <span class='ocrx_word' id='word_1_72' title='bbox 463 2063 526 2132; x_wconf 89' lang='lat' dir='ltr'><strong>pro</strong></span> <span class='ocrx_word' id='word_1_73' title='bbox 561 2041 728 2114; x_wconf 78' lang='lat' dir='ltr'><strong>Cicerone</strong></span> <span class='ocrx_word' id='word_1_74' title='bbox 763 2043 865 2113; x_wconf 84' lang='lat' dir='ltr'><strong>exule</strong></span> <span class='ocrx_word' id='word_1_75' title='bbox 899 2043 987 2113; x_wconf 87' lang='lat' dir='ltr'><strong>adeo</strong></span> <span class='ocrx_word' id='word_1_76' title='bbox 1011 2042 1150 2112; x_wconf 83' lang='lat' dir='ltr'><strong>sortiter</strong></span> <span class='ocrx_word' id='word_1_77' title='bbox 1172 2041 1244 2129; x_wconf 83' lang='lat' dir='ltr'><strong>egit</strong></span> <span class='ocrx_word' id='word_1_78' title='bbox 1269 2043 1308 2108; x_wconf 87' lang='lat' dir='ltr'><strong>ut</strong></span> <span class='ocrx_word' id='word_1_79' title='bbox 1331 2037 1452 2108; x_wconf 82' lang='lat' dir='ltr'><strong>Cicero</strong></span> 
     </span>
     <span class='ocr_line' id='line_1_12' title="bbox 334 2162 1451 2258; baseline -0.001 -27"><span class='ocrx_word' id='word_1_80' title='bbox 334 2165 408 2254; x_wconf 89' lang='lat' dir='ltr'><strong>ipse</strong></span> <span class='ocrx_word' id='word_1_81' title='bbox 431 2205 476 2216; x_wconf 92' lang='lat'>-</span> <span class='ocrx_word' id='word_1_82' title='bbox 498 2169 661 2257; x_wconf 86' lang='lat' dir='ltr'><strong>quamvis</strong></span> <span class='ocrx_word' id='word_1_83' title='bbox 685 2168 869 2258; x_wconf 85' lang='lat' dir='ltr'><strong>desperato</strong></span> <span class='ocrx_word' id='word_1_84' title='bbox 893 2174 985 2238; x_wconf 89' lang='lat' dir='ltr'><strong>osset</strong></span> <span class='ocrx_word' id='word_1_85' title='bbox 1004 2169 1176 2237; x_wconf 86' lang='lat' dir='ltr'><strong>animo-</strong></span> <span class='ocrx_word' id='word_1_86' title='bbox 1190 2162 1298 2233; x_wconf 90' lang='lat' dir='ltr'><strong>semel</strong></span> <span class='ocrx_word' id='word_1_87' title='bbox 1311 2168 1451 2231; x_wconf 85' lang='lat' dir='ltr'><strong>tantum</strong></span> 
     </span>
     <span class='ocr_line' id='line_1_13' title="bbox 332 2286 1451 2372; baseline 0.001 -17"><span class='ocrx_word' id='word_1_88' title='bbox 332 2289 546 2361; x_wconf 86' lang='lat' dir='ltr'><strong>dubitaverit</strong></span> <span class='ocrx_word' id='word_1_89' title='bbox 569 2313 639 2362; x_wconf 92' lang='lat' dir='ltr'><strong>non</strong></span> <span class='ocrx_word' id='word_1_90' title='bbox 663 2293 707 2364; x_wconf 86' lang='lat' dir='ltr'><strong>de</strong></span> <span class='ocrx_word' id='word_1_91' title='bbox 732 2293 911 2362; x_wconf 85' lang='lat' dir='ltr'><strong>voluntate</strong></span> <span class='ocrx_word' id='word_1_92' title='bbox 934 2295 1010 2362; x_wconf 88' lang='lat' dir='ltr'><strong>eius</strong></span> <span class='ocrx_word' id='word_1_93' title='bbox 1022 2292 1082 2360; x_wconf 90' lang='lat' dir='ltr'><strong>sed</strong></span> <span class='ocrx_word' id='word_1_94' title='bbox 1096 2291 1139 2359; x_wconf 89' lang='lat' dir='ltr'><strong>de</strong></span> <span class='ocrx_word' id='word_1_95' title='bbox 1155 2289 1302 2358; x_wconf 85' lang='lat' dir='ltr'><strong>viribus:</strong></span> <span class='ocrx_word' id='word_1_96' title='bbox 1317 2286 1451 2372; x_wconf 79' lang='lat' dir='ltr'><strong>„Credo</strong></span> 
     </span>
     <span class='ocr_line' id='line_1_14' title="bbox 331 2411 1450 2508; baseline -0.004 -26"><span class='ocrx_word' id='word_1_97' title='bbox 331 2421 394 2483; x_wconf 89' lang='lat' dir='ltr'><strong>tua</strong></span> <span class='ocrx_word' id='word_1_98' title='bbox 435 2414 572 2503; x_wconf 87' lang='lat' dir='ltr'><strong>(Quinti</strong></span> <span class='ocrx_word' id='word_1_99' title='bbox 615 2418 750 2508; x_wconf 83' lang='lat' dir='ltr'><strong>fratris)</strong></span> <span class='ocrx_word' id='word_1_100' title='bbox 786 2439 893 2489; x_wconf 85' lang='lat' dir='ltr'><strong>causa</strong></span> <span class='ocrx_word' id='word_1_101' title='bbox 930 2418 1015 2487; x_wconf 89' lang='lat' dir='ltr'><strong>velle</strong></span> <span class='ocrx_word' id='word_1_102' title='bbox 1052 2414 1253 2494; x_wconf 80' lang='lat' dir='ltr'><strong>Lentulum,</strong></span> <span class='ocrx_word' id='word_1_103' title='bbox 1286 2413 1349 2501; x_wconf 93' lang='lat' dir='ltr'><strong>qui</strong></span> <span class='ocrx_word' id='word_1_104' title='bbox 1382 2411 1450 2479; x_wconf 87' lang='lat' dir='ltr'><strong>erit</strong></span> 
     </span>
     <span class='ocr_line' id='line_1_15' title="bbox 331 2534 1448 2634; baseline -0.002 -27"><span class='ocrx_word' id='word_1_105' title='bbox 331 2541 471 2609; x_wconf 85' lang='lat' dir='ltr'><strong>consul:</strong></span> <span class='ocrx_word' id='word_1_106' title='bbox 502 2561 720 2634; x_wconf 81' lang='lat' dir='ltr'><strong>quamquam</strong></span> <span class='ocrx_word' id='word_1_107' title='bbox 744 2551 828 2612; x_wconf 90' lang='lat' dir='ltr'><strong>sunt</strong></span> <span class='ocrx_word' id='word_1_108' title='bbox 852 2543 946 2613; x_wconf 79' lang='lat' dir='ltr'><strong>laete</strong></span> <span class='ocrx_word' id='word_1_109' title='bbox 970 2541 1084 2611; x_wconf 86' lang='lat' dir='ltr'><strong>verbis</strong></span> <span class='ocrx_word' id='word_1_110' title='bbox 1107 2537 1302 2609; x_wconf 83' lang='lat' dir='ltr'><strong>difficiliora</strong></span> <span class='ocrx_word' id='word_1_111' title='bbox 1325 2536 1384 2621; x_wconf 81' lang='lat' dir='ltr'><strong>(ad</strong></span> <span class='ocrx_word' id='word_1_112' title='bbox 1408 2534 1448 2616; x_wconf 87' lang='lat' dir='ltr'><strong>Q.</strong></span> 
     </span>
     <span class='ocr_line' id='line_1_16' title="bbox 330 2661 1449 2758; baseline -0.002 -28"><span class='ocrx_word' id='word_1_113' title='bbox 330 2661 372 2731; x_wconf 86' lang='lat' dir='ltr'><strong>lr.</strong></span> <span class='ocrx_word' id='word_1_114' title='bbox 401 2663 415 2731; x_wconf 94' lang='grc' dir='ltr'>Ι</span> <span class='ocrx_word' id='word_1_115' title='bbox 439 2663 542 2755; x_wconf 76' lang='grc'>4.5).”</span> <span class='ocrx_word' id='word_1_116' title='bbox 567 2667 660 2736; x_wconf 84' lang='lat' dir='ltr'><strong>Alibi</strong></span> <span class='ocrx_word' id='word_1_117' title='bbox 684 2687 823 2758; x_wconf 88' lang='lat' dir='ltr'><strong>semper</strong></span> <span class='ocrx_word' id='word_1_118' title='bbox 843 2668 885 2736; x_wconf 90' lang='lat' dir='ltr'><strong>de</strong></span> <span class='ocrx_word' id='word_1_119' title='bbox 909 2688 950 2737; x_wconf 91' lang='lat' dir='ltr'><strong>eo</strong></span> <span class='ocrx_word' id='word_1_120' title='bbox 975 2673 1015 2736; x_wconf 85' lang='lat' dir='ltr'><strong>ut</strong></span> <span class='ocrx_word' id='word_1_121' title='bbox 1037 2666 1080 2735; x_wconf 90' lang='lat' dir='ltr'><strong>de</strong></span> <span class='ocrx_word' id='word_1_122' title='bbox 1104 2666 1158 2733; x_wconf 90' lang='lat' dir='ltr'><strong>sui</strong></span> <span class='ocrx_word' id='word_1_123' title='bbox 1193 2661 1449 2732; x_wconf 88' lang='lat' dir='ltr'><strong>studiosissimo</strong></span> 
     </span>
     <span class='ocr_line' id='line_1_17' title="bbox 327 2786 1448 2878; baseline -0.001 -24"><span class='ocrx_word' id='word_1_124' title='bbox 327 2786 502 2876; x_wconf 89' lang='lat' dir='ltr'><strong>loquitur:</strong></span> <span class='ocrx_word' id='word_1_125' title='bbox 538 2790 732 2876; x_wconf 86' lang='lat' dir='ltr'><strong>„Lentulus</strong></span> <span class='ocrx_word' id='word_1_126' title='bbox 766 2811 830 2860; x_wconf 92' lang='lat' dir='ltr'><strong>suo</strong></span> <span class='ocrx_word' id='word_1_127' title='bbox 865 2793 901 2859; x_wconf 91' lang='lat' dir='ltr'><strong>in</strong></span> <span class='ocrx_word' id='word_1_128' title='bbox 936 2812 1001 2860; x_wconf 91' lang='lat' dir='ltr'><strong>nos</strong></span> <span class='ocrx_word' id='word_1_129' title='bbox 1024 2791 1148 2874; x_wconf 87' lang='lat' dir='ltr'><strong>oliioio,</strong></span> <span class='ocrx_word' id='word_1_130' title='bbox 1173 2788 1266 2878; x_wconf 90' lang='lat' dir='ltr'><strong>quod</strong></span> <span class='ocrx_word' id='word_1_131' title='bbox 1291 2795 1327 2856; x_wconf 90' lang='lat' dir='ltr'><strong>et</strong></span> <span class='ocrx_word' id='word_1_132' title='bbox 1351 2805 1388 2854; x_wconf 90' lang='lat' dir='ltr'><strong>re</strong></span> <span class='ocrx_word' id='word_1_133' title='bbox 1412 2791 1448 2854; x_wconf 86' lang='lat' dir='ltr'><strong>et</strong></span> 
     </span>
     <span class='ocr_line' id='line_1_18' title="bbox 329 2910 1447 3006; baseline 0 -28"><span class='ocrx_word' id='word_1_134' title='bbox 329 2913 508 2998; x_wconf 88' lang='lat' dir='ltr'><strong>promissis</strong></span> <span class='ocrx_word' id='word_1_135' title='bbox 542 2921 577 2982; x_wconf 87' lang='lat' dir='ltr'><strong>et</strong></span> <span class='ocrx_word' id='word_1_136' title='bbox 611 2914 737 2985; x_wconf 85' lang='lat' dir='ltr'><strong>litteris</strong></span> <span class='ocrx_word' id='word_1_137' title='bbox 771 2917 937 3002; x_wconf 82' lang='lat' dir='ltr'><strong>declarat,</strong></span> <span class='ocrx_word' id='word_1_138' title='bbox 972 2936 1071 3006; x_wconf 90' lang='lat' dir='ltr'><strong>spem</strong></span> <span class='ocrx_word' id='word_1_139' title='bbox 1107 2915 1208 2983; x_wconf 92' lang='lat' dir='ltr'><strong>nobis</strong></span> <span class='ocrx_word' id='word_1_140' title='bbox 1238 2910 1447 2981; x_wconf 81' lang='lat' dir='ltr'><strong>nonnullam</strong></span> 
     </span>
     <span class='ocr_line' id='line_1_19' title="bbox 327 3033 1447 3131; baseline 0.001 -30"><span class='ocrx_word' id='word_1_141' title='bbox 327 3033 429 3105; x_wconf 81' lang='lat' dir='ltr'><strong>allert</strong></span> <span class='ocrx_word' id='word_1_142' title='bbox 453 3035 596 3128; x_wconf 87' lang='lat' dir='ltr'><strong>Pompei</strong></span> <span class='ocrx_word' id='word_1_143' title='bbox 622 3039 827 3110; x_wconf 89' lang='lat' dir='ltr'><strong>voluntatis:</strong></span> <span class='ocrx_word' id='word_1_144' title='bbox 852 3061 956 3131; x_wconf 86' lang='lat' dir='ltr'><strong>saepe</strong></span> <span class='ocrx_word' id='word_1_145' title='bbox 979 3041 1073 3109; x_wconf 92' lang='lat' dir='ltr'><strong>enim</strong></span> <span class='ocrx_word' id='word_1_146' title='bbox 1098 3045 1137 3107; x_wconf 89' lang='lat' dir='ltr'><strong>tu</strong></span> <span class='ocrx_word' id='word_1_147' title='bbox 1150 3038 1195 3106; x_wconf 89' lang='lat' dir='ltr'><strong>ad</strong></span> <span class='ocrx_word' id='word_1_148' title='bbox 1210 3055 1265 3105; x_wconf 89' lang='lat' dir='ltr'><strong>me</strong></span> <span class='ocrx_word' id='word_1_149' title='bbox 1277 3034 1447 3121; x_wconf 84' lang='lat' dir='ltr'><strong>scripsisti</strong></span> 
     </span>
     <span class='ocr_line' id='line_1_20' title="bbox 324 3158 1445 3256; baseline 0 -30"><span class='ocrx_word' id='word_1_150' title='bbox 324 3177 407 3228; x_wconf 89' lang='lat' dir='ltr'><strong>eum</strong></span> <span class='ocrx_word' id='word_1_151' title='bbox 444 3167 559 3231; x_wconf 91' lang='lat' dir='ltr'><strong>totum</strong></span> <span class='ocrx_word' id='word_1_152' title='bbox 590 3183 666 3234; x_wconf 84' lang='lat' dir='ltr'><strong>esse</strong></span> <span class='ocrx_word' id='word_1_153' title='bbox 699 3166 736 3233; x_wconf 93' lang='lat' dir='ltr'><strong>in</strong></span> <span class='ocrx_word' id='word_1_154' title='bbox 773 3166 868 3235; x_wconf 88' lang='lat' dir='ltr'><strong>illius</strong></span> <span class='ocrx_word' id='word_1_155' title='bbox 892 3172 1064 3256; x_wconf 88' lang='lat' dir='ltr'><strong>potestate</strong></span> <span class='ocrx_word' id='word_1_156' title='bbox 1102 3163 1159 3250; x_wconf 86' lang='lat' dir='ltr'><strong>(ad</strong></span> <span class='ocrx_word' id='word_1_157' title='bbox 1183 3162 1256 3230; x_wconf 87' lang='lat' dir='ltr'><strong>An.</strong></span> <span class='ocrx_word' id='word_1_158' title='bbox 1286 3160 1333 3228; x_wconf 92' lang='lat' dir='ltr'><strong>lll</strong></span> <span class='ocrx_word' id='word_1_159' title='bbox 1356 3158 1445 3242; x_wconf 67' lang='lat'><strong>222,</strong></span> 
     </span>
     <span class='ocr_line' id='line_1_21' title="bbox 325 3283 1444 3374; baseline 0.001 -23"><span class='ocrx_word' id='word_1_160' title='bbox 325 3283 369 3352; x_wconf 86' lang='lat' dir='ltr'><strong>ol.</strong></span> <span class='ocrx_word' id='word_1_161' title='bbox 394 3305 426 3373; x_wconf 91' lang='lat' dir='ltr'><strong>p.</strong></span> <span class='ocrx_word' id='word_1_162' title='bbox 452 3285 541 3373; x_wconf 80' lang='grc'><strong>169).</strong></span> <span class='ocrx_word' id='word_1_163' title='bbox 566 3288 601 3358; x_wconf 90' lang='lat' dir='ltr'><strong>Si</strong></span> <span class='ocrx_word' id='word_1_164' title='bbox 623 3290 812 3359; x_wconf 89' lang='lat' dir='ltr'><strong>Lentulum</strong></span> <span class='ocrx_word' id='word_1_165' title='bbox 825 3297 898 3360; x_wconf 88' lang='lat' dir='ltr'><strong>tam</strong></span> <span class='ocrx_word' id='word_1_166' title='bbox 912 3291 1108 3359; x_wconf 90' lang='lat' dir='ltr'><strong>studiosum</strong></span> <span class='ocrx_word' id='word_1_167' title='bbox 1122 3283 1444 3374; x_wconf 71' lang='lat' dir='ltr'><strong>(habemuslquam</strong></span> 
     </span>
    </p>

    <p class='ocr_par' dir='ltr' id='par_1_5' title="bbox 224 3397 1444 4003">
     <span class='ocr_line' id='line_1_22' title="bbox 224 3397 1444 3505; baseline 0.002 -30"><span class='ocrx_word' id='word_1_168' title='bbox 224 3397 226 3400; x_wconf 64' lang='grc'><strong>’</strong></span> <span class='ocrx_word' id='word_1_169' title='bbox 327 3409 550 3482; x_wconf 63' lang='lat' dir='ltr'><strong>videtum...</strong></span> <span class='ocrx_word' id='word_1_170' title='bbox 586 3434 658 3484; x_wconf 92' lang='lat' dir='ltr'><strong>non</strong></span> <span class='ocrx_word' id='word_1_171' title='bbox 690 3422 744 3486; x_wconf 89' lang='lat' dir='ltr'><strong>est</strong></span> <span class='ocrx_word' id='word_1_172' title='bbox 767 3415 1027 3505; x_wconf 86' lang='lat' dir='ltr'><strong>desperandum</strong></span> <span class='ocrx_word' id='word_1_173' title='bbox 1052 3414 1111 3502; x_wconf 89' lang='lat' dir='ltr'><strong>(ad</strong></span> <span class='ocrx_word' id='word_1_174' title='bbox 1136 3413 1159 3482; x_wconf 86' lang='lat' dir='ltr'><strong>f.</strong></span> <span class='ocrx_word' id='word_1_175' title='bbox 1185 3408 1369 3500; x_wconf 65' lang='grc'><strong>1111112).</strong></span> <span class='ocrx_word' id='word_1_176' title='bbox 1395 3408 1444 3477; x_wconf 89' lang='lat' dir='ltr'><strong>Do</strong></span> 
     </span>
     <span class='ocr_line' id='line_1_23' title="bbox 325 3531 1444 3630; baseline -0.004 -26"><span class='ocrx_word' id='word_1_177' title='bbox 325 3531 463 3604; x_wconf 87' lang='lat' dir='ltr'><strong>Lentuli</strong></span> <span class='ocrx_word' id='word_1_178' title='bbox 499 3539 702 3608; x_wconf 70' lang='lat' dir='ltr'><strong>studio...</strong></span> <span class='ocrx_word' id='word_1_179' title='bbox 739 3542 927 3630; x_wconf 83' lang='lat' dir='ltr'><strong>perscribis</strong></span> <span class='ocrx_word' id='word_1_180' title='bbox 962 3539 1021 3628; x_wconf 90' lang='lat' dir='ltr'><strong>(ad</strong></span> <span class='ocrx_word' id='word_1_181' title='bbox 1055 3539 1128 3608; x_wconf 88' lang='lat' dir='ltr'><strong>Att.</strong></span> <span class='ocrx_word' id='word_1_182' title='bbox 1163 3533 1444 3623; x_wconf 66' lang='grc'><strong>1111311111</strong></span> 
     </span>
     <span class='ocr_line' id='line_1_24' title="bbox 324 3657 1443 3754; baseline 0 -29"><span class='ocrx_word' id='word_1_183' title='bbox 324 3659 467 3729; x_wconf 89' lang='lat' dir='ltr'><strong>omnino</strong></span> <span class='ocrx_word' id='word_1_184' title='bbox 509 3661 649 3732; x_wconf 84' lang='lat' dir='ltr'><strong>difficile</strong></span> <span class='ocrx_word' id='word_1_185' title='bbox 683 3683 753 3732; x_wconf 93' lang='lat' dir='ltr'><strong>non</strong></span> <span class='ocrx_word' id='word_1_186' title='bbox 790 3665 936 3754; x_wconf 84' lang='lat' dir='ltr'><strong>obsequi</strong></span> <span class='ocrx_word' id='word_1_187' title='bbox 972 3663 1025 3731; x_wconf 91' lang='lat' dir='ltr'><strong>vel</strong></span> <span class='ocrx_word' id='word_1_188' title='bbox 1060 3659 1273 3732; x_wconf 84' lang='lat' dir='ltr'><strong>amicissimo</strong></span> <span class='ocrx_word' id='word_1_189' title='bbox 1308 3657 1443 3727; x_wconf 90' lang='lat' dir='ltr'><strong>homini</strong></span> 
     </span>
     <span class='ocr_line' id='line_1_25' title="bbox 324 3781 1441 3872; baseline -0.001 -21"><span class='ocrx_word' id='word_1_190' title='bbox 324 3781 472 3854; x_wconf 90' lang='lat' dir='ltr'><strong>Lentulo</strong></span> <span class='ocrx_word' id='word_1_191' title='bbox 509 3788 562 3856; x_wconf 91' lang='lat' dir='ltr'><strong>vel</strong></span> <span class='ocrx_word' id='word_1_192' title='bbox 587 3788 727 3858; x_wconf 85' lang='lat' dir='ltr'><strong>Metello</strong></span> <span class='ocrx_word' id='word_1_193' title='bbox 742 3839 749 3855; x_wconf 94' lang='lat'><strong>.</strong></span> <span class='ocrx_word' id='word_1_194' title='bbox 763 3842 770 3858; x_wconf 94' lang='lat'><strong>.</strong></span> <span class='ocrx_word' id='word_1_195' title='bbox 785 3842 792 3858; x_wconf 91' lang='lat'><strong>.</strong></span> <span class='ocrx_word' id='word_1_196' title='bbox 806 3790 867 3858; x_wconf 89' lang='lat' dir='ltr'><strong>sed</strong></span> <span class='ocrx_word' id='word_1_197' title='bbox 893 3809 1025 3868; x_wconf 90' lang='lat' dir='ltr'><strong>vereor,</strong></span> <span class='ocrx_word' id='word_1_198' title='bbox 1048 3808 1103 3872; x_wconf 90' lang='lat' dir='ltr'><strong>ne,</strong></span> <span class='ocrx_word' id='word_1_199' title='bbox 1129 3787 1192 3856; x_wconf 89' lang='lat' dir='ltr'><strong>hos</strong></span> <span class='ocrx_word' id='word_1_200' title='bbox 1215 3805 1297 3854; x_wconf 90' lang='lat' dir='ltr'><strong>oum</strong></span> <span class='ocrx_word' id='word_1_201' title='bbox 1321 3789 1441 3852; x_wconf 87' lang='lat' dir='ltr'><strong>tamen</strong></span> 
     </span>
     <span class='ocr_line' id='line_1_26' title="bbox 322 3906 1440 4003; baseline -0.001 -27"><span class='ocrx_word' id='word_1_202' title='bbox 322 3913 441 3978; x_wconf 86' lang='lat' dir='ltr'><strong>tenere</strong></span> <span class='ocrx_word' id='word_1_203' title='bbox 465 3915 696 4001; x_wconf 68' lang='lat' dir='ltr'><strong>potuerimus</strong></span> <span class='ocrx_word' id='word_1_204' title='bbox 708 3915 869 3984; x_wconf 85' lang='lat' dir='ltr'><strong>tribunos</strong></span> <span class='ocrx_word' id='word_1_205' title='bbox 883 3914 993 4003; x_wconf 88' lang='lat' dir='ltr'><strong>plebis</strong></span> <span class='ocrx_word' id='word_1_206' title='bbox 1004 3914 1227 3982; x_wconf 86' lang='lat' dir='ltr'><strong>amiserimus</strong></span> <span class='ocrx_word' id='word_1_207' title='bbox 1239 3908 1301 3998; x_wconf 87' lang='lat' dir='ltr'><strong>(ib.</strong></span> <span class='ocrx_word' id='word_1_208' title='bbox 1313 3906 1440 3997; x_wconf 72' lang='lat'><strong>24.2).’&#39;</strong></span> 
     </span>
    </p>

    <p class='ocr_par' dir='ltr' id='par_1_6' title="bbox 319 4031 1440 4374">
     <span class='ocr_line' id='line_1_27' title="bbox 366 4031 1440 4125; baseline -0.002 -24"><span class='ocrx_word' id='word_1_209' title='bbox 366 4031 488 4124; x_wconf 92' lang='lat' dir='ltr'><strong>Neque</strong></span> <span class='ocrx_word' id='word_1_210' title='bbox 512 4038 688 4108; x_wconf 89' lang='lat' dir='ltr'><strong>immerito</strong></span> <span class='ocrx_word' id='word_1_211' title='bbox 712 4038 833 4108; x_wconf 83' lang='lat' dir='ltr'><strong>Cicero</strong></span> <span class='ocrx_word' id='word_1_212' title='bbox 858 4039 1007 4107; x_wconf 89' lang='lat' dir='ltr'><strong>Lentulo</strong></span> <span class='ocrx_word' id='word_1_213' title='bbox 1032 4031 1440 4125; x_wconf 87' lang='lat' dir='ltr'><strong>lidit,quippeqniinter</strong></span> 
     </span>
     <span class='ocr_line' id='line_1_28' title="bbox 321 4157 1439 4251; baseline -0.002 -26"><span class='ocrx_word' id='word_1_214' title='bbox 321 4158 454 4246; x_wconf 88' lang='lat' dir='ltr'><strong>primos</strong></span> <span class='ocrx_word' id='word_1_215' title='bbox 489 4161 597 4230; x_wconf 86' lang='lat' dir='ltr'><strong>fuerit</strong></span> <span class='ocrx_word' id='word_1_216' title='bbox 630 4168 666 4230; x_wconf 89' lang='lat' dir='ltr'><strong>et</strong></span> <span class='ocrx_word' id='word_1_217' title='bbox 699 4164 900 4248; x_wconf 80' lang='lat' dir='ltr'><strong>acerrimos,</strong></span> <span class='ocrx_word' id='word_1_218' title='bbox 926 4163 986 4251; x_wconf 91' lang='lat' dir='ltr'><strong>qui</strong></span> <span class='ocrx_word' id='word_1_219' title='bbox 1011 4161 1164 4230; x_wconf 87' lang='lat' dir='ltr'><strong>reditum</strong></span> <span class='ocrx_word' id='word_1_220' title='bbox 1190 4157 1439 4247; x_wconf 84' lang='lat' dir='ltr'><strong>perpetrarint,</strong></span> 
     </span>
     <span class='ocr_line' id='line_1_29' title="bbox 319 4283 1436 4374; baseline 0 -26"><span class='ocrx_word' id='word_1_221' title='bbox 319 4287 359 4349; x_wconf 92' lang='lat' dir='ltr'><strong>nt</strong></span> <span class='ocrx_word' id='word_1_222' title='bbox 382 4284 457 4374; x_wconf 87' lang='lat' dir='ltr'><strong>ipse</strong></span> <span class='ocrx_word' id='word_1_223' title='bbox 482 4285 711 4355; x_wconf 85' lang='lat' dir='ltr'><strong>multifariam</strong></span> <span class='ocrx_word' id='word_1_224' title='bbox 739 4287 1004 4356; x_wconf 83' lang='lat' dir='ltr'><strong>maximiscum</strong></span> <span class='ocrx_word' id='word_1_225' title='bbox 1031 4283 1196 4353; x_wconf 88' lang='lat' dir='ltr'><strong>laudibus</strong></span> <span class='ocrx_word' id='word_1_226' title='bbox 1215 4287 1348 4359; x_wconf 87' lang='lat' dir='ltr'><strong>narrat,</strong></span> <span class='ocrx_word' id='word_1_227' title='bbox 1361 4301 1390 4348; x_wconf 91' lang='lat' dir='ltr'><strong>e.</strong></span> <span class='ocrx_word' id='word_1_228' title='bbox 1403 4300 1436 4368; x_wconf 81' lang='lat' dir='ltr'><strong>g.</strong></span> 
     </span>
    </p>
   </div>
   <div class='ocr_carea' id='block_1_4' title="bbox 317 4404 1438 4554">
    <p class='ocr_par' dir='ltr' id='par_1_7' title="bbox 317 4404 1438 4554">
     <span class='ocr_line' id='line_1_30' title="bbox 317 4404 1438 4554; baseline -0.001 -82"><span class='ocrx_word' id='word_1_229' title='bbox 317 4404 354 4474; x_wconf 95' lang='lat' dir='ltr'><strong>in</strong></span> <span class='ocrx_word' id='word_1_230' title='bbox 379 4405 539 4478; x_wconf 86' lang='lat' dir='ltr'><strong>Sestiana</strong></span> <span class='ocrx_word' id='word_1_231' title='bbox 562 4409 623 4497; x_wconf 89' lang='lat'><strong>(70</strong></span> <span class='ocrx_word' id='word_1_232' title='bbox 644 4418 680 4480; x_wconf 88' lang='lat' dir='ltr'><strong>et</strong></span> <span class='ocrx_word' id='word_1_233' title='bbox 703 4411 780 4496; x_wconf 72' lang='lat' dir='ltr'><strong>lat:</strong></span> <span class='ocrx_word' id='word_1_234' title='bbox 804 4411 902 4496; x_wconf 82' lang='lat' dir='ltr'><strong>„lior</strong></span> <span class='ocrx_word' id='word_1_235' title='bbox 924 4412 1032 4500; x_wconf 83' lang='lat' dir='ltr'><strong>igitur</strong></span> <span class='ocrx_word' id='word_1_236' title='bbox 1055 4429 1160 4493; x_wconf 87' lang='lat' dir='ltr'><strong>anno,</strong></span> <span class='ocrx_word' id='word_1_237' title='bbox 1174 4405 1438 4554; x_wconf 58' lang='lat' dir='ltr'><strong>magisgatibus</strong></span> 
     </span>
    </p>
   </div>
   <div class='ocr_carea' id='block_1_5' title="bbox 0 0 1894 5488">
    <p class='ocr_par' dir='ltr' id='par_1_8' title="bbox 0 0 1894 5488">
     <span class='ocr_line' id='line_1_31' title="bbox 0 0 1894 5488; baseline 0 10"><span class='ocrx_word' id='word_1_238' title='bbox 0 0 1894 5488; x_wconf 95' lang='lat' dir='ltr'><strong> </strong></span> 
     </span>
    </p>
   </div>
  </div>
 </body>
</html>
