3792 5486
950 693 995 762 92

411 892 641 974 necessarius,
665 891 726 980 qui
749 891 852 960 fratri
875 890 1012 979 legatus
1039 889 1166 968 lucrat,
1178 887 1305 957 detulit
1316 892 1396 978 (pro
1409 888 1528 958 Plauc.

409 1014 502 1103 loo).
538 1014 588 1083 Ex
623 1014 752 1104 quibus
777 1014 813 1084 P.
837 1015 1050 1083 Autronium
1078 1013 1224 1083 Paetum
1251 1015 1402 1082 maxime
1426 1015 1528 1083 time-

411 1139 480 1219 bat,
503 1160 621 1229 quem,
645 1140 808 1228 quamvis
831 1138 985 1208 sodalem
1010 1145 1045 1207 et
1069 1138 1238 1227 collegam
1262 1139 1298 1206 iu
1323 1145 1526 1228 quaestura,

409 1263 451 1332 de
478 1265 510 1332 vi
534 1271 751 1343 accusatum,
782 1264 866 1352 qula
888 1265 982 1332 inter
1004 1263 1226 1332 Catilinarios
1249 1262 1376 1344 luerat,
1400 1264 1529 1332 auxilio

408 1407 484 1471 suo,
507 1388 600 1478 quod
626 1388 773 1477 supplex
798 1387 993 1456 Autronius
1006 1396 1201 1476 rogaverat,
1214 1386 1377 1456 noluerat
1394 1389 1529 1471 iuvare,

408 1514 517 1580 immo
540 1515 647 1581 etiam
669 1513 869 1581 testimonio
893 1513 1053 1580 laeserat.
1079 1511 1128 1579 De
1153 1511 1212 1580 illo
1235 1513 1363 1580 timore
1387 1512 1528 1601 saepius

409 1638 441 1704 in
467 1637 627 1726 epistulis
650 1636 694 1705 de
716 1638 819 1706 exilio
844 1637 983 1726 scriptis
1006 1636 1173 1725 loquitur,
1197 1635 1291 1725 quod
1312 1637 1408 1703 nein
1422 1636 1528 1725 Epiro

408 1761 551 1850 quidem
587 1759 633 1828 ah
660 1761 702 1829 iis
734 1766 850 1832 tutum
875 1781 912 1830 se
935 1781 1011 1829 esse
1035 1759 1196 1828 conlidit:
1222 1761 1357 1850 „siper
1380 1761 1527 1850 Epirum

408 1886 475 1953 iter
498 1892 591 1954 essct
613 1885 826 1969 laciendum,
852 1893 913 1955 tuo
930 1892 1145 1975 tuorumque
1158 1885 1332 1974 praesidio
1344 1891 1529 1953 uteremur

407 2010 465 2098 (ad
491 2011 563 2079 Att.
586 2008 632 2078 ΙΙΙ
657 2008 711 2094 l);
735 2011 867 2078 sinete
891 2015 1009 2078 autem
1035 2029 1105 2078 non
1126 2029 1201 2078 csse
1215 2009 1316 2078 nobis
1327 2009 1405 2078 illas
1419 2012 1529 2099 partis

406 2136 577 2205 tenendas
602 2142 746 2226 propter
766 2135 978 2204 Autronium
993 2134 1054 2222 (ib.
1068 2133 1124 2222 2);
1138 2133 1338 2222 (praedium
1351 2137 1469 2219 tuum)
1483 2132 1528 2202 ab

407 2260 579 2329 Autronio
604 2265 640 2327 et
660 2260 787 2328 ceteris
799 2259 989 2349 quadridui
1001 2258 1264 2346 (tantummodo
1276 2259 1344 2326 iter
1356 2257 1526 2347 abest)...

406 2384 589 2453 castellum
616 2385 791 2453 munitum
818 2383 989 2452 habitanti
1016 2384 1100 2451 mihi
1123 2383 1369 2473 prodesset...
1391 2383 1528 2472 quodsi

406 2508 585 2592 auderem,
610 2508 768 2577 Athenas
791 2515 946 2598 peterem
1023 2529 1118 2576 nunc
1131 2509 1242 2578 nostri
1256 2508 1372 2576 hostes
1383 2507 1432 2576 ibi
1445 2514 1528 2576 suut

406 2631 506 2721 (7.l);
531 2633 664 2701 Achaia
689 2653 796 2722 prope
819 2641 921 2717 esset,
944 2634 1046 2723 plena
1059 2633 1374 2701 audacissimorum
1389 2634 1525 2701 inimic-

407 2777 520 2842 orum,
533 2763 568 2824 et
580 2758 696 2825 exitus
709 2757 858 2827 difficilis
871 2757 1027 2841 haberet,
1041 2779 1121 2826 cum
1131 2757 1213 2824 inde
1224 2757 1528 2845 proficisceremur

406 2882 508 2967 (8.l);
532 2901 596 2970 ego
622 2881 780 2950 volebam
804 2881 880 2952 loco
905 2883 1016 2970 magis
1039 2883 1177 2950 deserto
1190 2901 1264 2949 csse
1277 2883 1314 2950 in
1328 2880 1444 2971 Epiro,
1457 2903 1527 2971 quo

407 3025 521 3095 neque
541 3005 648 3094 Hispo
661 3007 751 3094 (alii:
766 3007 861 3096 Piso)
877 3008 1009 3075 veniret
1022 3027 1087 3075 uec
1101 3004 1228 3074 milites
1240 3005 1299 3093 (ad
1313 3007 1336 3074 f.
1350 3007 1427 3075 XlV
1440 3006 1527 3092 l.3);

409 3150 491 3199 cum
527 3131 718 3200 adventare
754 3131 882 3199 milites
917 3130 1079 3199 dicentur
1114 3131 1314 3198 faciendum
1341 3131 1441 3200 nohis
1460 3133 1528 3200 erit

406 3261 446 3322 ut
486 3254 532 3323 ab
571 3277 612 3325 eo
651 3255 825 3344 (Plancio)
866 3255 1088 3324 discedamus
1127 3255 1187 3343 (ad
1227 3254 1299 3324 Att.
1331 3255 1379 3323 llI
1414 3256 1526 3344 221„

406 3380 680 3468 Dyrrhachii
716 3401 795 3450 sum
831 3387 974 3448 tuto...
999 3399 1081 3448 cum
1106 3380 1241 3448 inimici
1264 3382 1375 3449 nostri
1407 3382 1526 3450 venire

405 3504 577 3584 dicentur,
612 3519 689 3573 tum
724 3507 761 3573 iu
796 3505 938 3592 Epirum
962 3505 1020 3572 ibo
1044 3503 1103 3591 (ad
1129 3504 1153 3572 f.
1178 3503 1253 3572 xlv
1279 3503 1383 3593 3.4)”.
1411 3505 1525 3574 Etiam

405 3629 440 3696 in
476 3629 633 3698 oratione
670 3650 732 3718 pro
766 3627 921 3698 Plancio:
947 3629 1128 3716 „cognovi,
1151 3627 1186 3695 id
1212 3628 1306 3718 quod
1331 3630 1525 3712 audieram,

406 3753 573 3822 refertam
597 3773 673 3822 csse
697 3752 881 3822 Graeciam
904 3752 1256 3822 sceleratissimorum
1281 3752 1465 3822 hominum
1484 3774 1525 3823 ac

405 3878 634 3956 nefariorum,
657 3898 810 3968 quorum
834 3879 984 3967 impium
1009 3878 1145 3945 ferrum
1167 3878 1328 3967 ignisque
1343 3878 1526 3966 pestiferos

408 4022 507 4070 meus
542 4002 598 4070 ille
634 4003 838 4072 consulatus
872 4023 892 4070 e
930 4002 1091 4070 manibus
1118 4009 1332 4070 extorserat:
1359 4004 1526 4092 quiante

406 4149 513 4217 quam
549 4127 592 4196 de
630 4149 706 4196 meo
730 4127 884 4196 adventu
916 4126 1040 4195 audire
1069 4128 1275 4216 potuissent,
1300 4148 1381 4196 cum
1406 4134 1525 4195 tamen

406 4252 569 4321 abessent
592 4253 725 4342 aliquot
751 4253 889 4320 dierum
912 4253 1015 4336 viam,
1040 4252 1076 4319 iu
1098 4251 1340 4320 Macedoniam
1362 4251 1405 4319 ad
1421 4250 1527 4319 Plan-

407 4376 501 4449 cium
527 4378 686 4466 perrexi”
715 4377 749 4467 (ᾗ
771 4375 842 4465 98).
867 4377 964 4458 Quae
989 4397 1069 4446 cum
1095 4398 1181 4446 cura
1204 4398 1286 4446 cum
1311 4376 1524 4462 sollicitaret,
