3734 5518
889 733 933 802 13

346 938 382 1001 et
405 932 564 1001 Athenas
576 933 775 1000 studiorum
788 933 1007 1022 poeticorum
1021 953 1128 1001 causa
1141 935 1242 1023 petiit
1259 936 1299 1023 1).
1324 933 1465 1003 Patrem
1510 972 1512 980 ι

347 1058 416 1126 iam
441 1078 510 1125 non
535 1057 687 1147 amplius
712 1059 800 1125 votis
825 1057 887 1124 hlii
907 1055 1132 1125 adversatum
1146 1079 1222 1127 esse
1236 1058 1467 1148 probabiliter

347 1182 499 1271 explicat
522 1181 700 1251 Choreb
722 1182 771 1272 (p.
795 1181 849 1267 ll:
875 1181 970 1266 „The
983 1181 1079 1250 elder
1092 1182 1237 1252 brother
1249 1183 1467 1253 diedimme-

347 1305 477 1394 diately
501 1304 592 1373 after
615 1304 828 1395 completing
853 1307 906 1374 his
929 1307 1112 1376 tweutieth
1137 1329 1221 1396 year
1237 1311 1278 1396 2),
1303 1308 1371 1376 and
1396 1308 1467 1376 this

346 1439 451 1499 event
473 1430 638 1498 removed
663 1430 723 1499 the
747 1431 918 1520 objectiou
946 1431 1059 1500 which
1078 1431 1350 1500 thefatherhad
1366 1432 1466 1501 made

347 1561 383 1622 to
406 1555 466 1624 the
489 1554 699 1644 indulgence
723 1557 764 1625 ol
783 1556 903 1625 Ovio’s
927 1557 1072 1647 poetica]
1099 1564 1216 1626 testes.
1243 1557 1316 1625 The
1342 1557 1466 1646 family

348 1689 526 1774 property,
550 1682 665 1752 which
690 1703 761 1751 was
784 1689 847 1751 not
869 1682 909 1750 of
930 1703 1027 1750 more
1043 1682 1131 1750 than
1146 1681 1323 1750 moderate
1335 1688 1465 1766 extent,

349 1807 462 1876 would
487 1815 550 1877 not
574 1809 661 1876 have
686 1815 722 1876 to
747 1807 787 1876 he
812 1807 963 1890 divided‚
987 1807 1055 1875 ond
1080 1808 1180 1875 there
1203 1826 1274 1874 was
1286 1826 1332 1875 no
1345 1805 1467 1895 longer

347 1953 416 2020 any
441 1933 614 2022 necessity
641 1934 719 2022 why
740 1932 799 2000 the
813 1933 893 2021 only
909 1953 969 2000 son
984 1931 1110 2000 should
1127 1931 1242 2000 follow
1262 1931 1466 2000 alucrotive

310 2057 312 2062 ’
349 2057 542 2146 profession
561 2058 624 2146 3).”

392 2181 435 2250 Et
449 2181 613 2251 Ovidium
630 2183 738 2268 igitur
748 2182 996 2250 constituimus
1005 2181 1041 2248 in
1051 2169 1466 2270 liminetempliFavoris

348 2308 448 2375 cuius
484 2307 662 2395 penetrale
686 2315 725 2374 ut
749 2305 870 2375 Oicero
894 2306 1041 2374 introbit
1063 2327 1104 2374 ex
1130 2305 1172 2373 iis
1195 2305 1327 2394 ingenii
1353 2304 1466 2372 facul·

348 2431 489 2515 tatibus
532 2452 620 2521 quas
658 2432 862 2500 etiamnunc
905 2430 1135 2499 admiramur.
1184 2429 1330 2499 Ovidius
1364 2436 1467 2517 poeta

353 2565 458 2624 natus
480 2562 551 2640 est3
575 2555 696 2625 Cicero
722 2555 787 2624 hoc
811 2556 955 2624 consilio
976 2556 1148 2645 imprimis
1162 2553 1467 2642 magistratussihi

350 2688 448 2769 optat
482 2682 740 2766 auctoritatem,
765 2687 805 2748 ut
828 2680 1029 2769 eloquentia
1051 2681 1161 2748 totius
1185 2678 1305 2769 populi
1331 2684 1466 2746 mentes

348 2806 483 2894 capict3
508 2804 660 2873 Senecae
685 2811 803 2872 autem
829 2806 969 2872 animus
993 2805 1061 2872 alio
1085 2808 1230 2892 spectat.
1261 2801 1465 2890 Numquam

348 2928 515 3017 cogitavit
538 2929 707 3018 sapientis
731 2929 839 2996 solam
861 2928 1008 3017 gloriam
1023 2927 1261 3017 quaerendam
1276 2946 1361 3010 esse,
1377 2926 1467 2995 hanc

347 3053 649 3122 immortalitatem
674 3033 739 3121 sibi
764 3072 839 3121 esse
858 3053 1034 3121 daturam.
1048 3051 1187 3141 Optime
1202 3058 1300 3142 pater
1313 3049 1374 3119 filii
1387 3071 1468 3140 per-

347 3177 461 3266 spexit
483 3176 648 3259 indolem,
672 3198 753 3245 cum
778 3178 809 3244 ei
834 3175 1080 3260 „ambitiosum
1095 3196 1201 3245 curae
1214 3176 1311 3244 esse”
1324 3174 1466 3258 diceret,

348 3314 419 3370 uon
443 3308 483 3370 ut
505 3302 607 3369 fratri
631 3300 743 3369 Melae
768 3303 947 3386 „animum
974 3323 995 3369 a
1019 3299 1180 3370 civilibus
1203 3299 1467 3368 olliciisabhor-

347 3432 483 3494 rentem
509 3435 544 3495 et
567 3427 612 3494 ob
636 3428 733 3494 omni
759 3426 894 3494 ambitu
920 3446 1084 3494 eversum
1111 3425 1176 3494 hoe
1200 3445 1312 3492 unum
1336 3444 1459 3493 concu-

387 3644 417 3713 l)
458 3641 504 3730 Tr.
528 3641 538 3700 l
561 3643 629 3701 277
639 3633 738 3720 {petii
750 3639 899 3701 studiosus
911 3641 1045 3702 Athenas.
1059 3639 1158 3700 Postea
1170 3631 1298 3700 Siciliam
1310 3647 1337 3700 et
1349 3638 1446 3700 Asiam
1458 3661 1465 3701 :

348 3757 386 3817 ih.
408 3777 448 3818 vs.
471 3760 519 3829 78,
541 3757 571 3818 P.
594 3758 616 3818 ll
640 3759 739 3827 tout,
761 3757 792 3817 F.
815 3755 853 3816 Vl
875 3759 1044 3817 417-494.
1067 3754 1465 3834 Massonp.ltt‚Church

348 3873 431 3935 Ovid.
453 3873 687 3934 hoino-Lenonis
712 3875 800 3942 1897,
823 3893 848 3952 p.
873 3876 900 3933 7.

388 3991 419 4065 2)
459 3990 506 4050 Tr.
528 3989 565 4049 lV
588 3991 672 4051 tuat
699 4007 741 4067 sq.

389 4107 419 4178 3)
461 4106 499 4166 lle
532 4122 561 4165 re
587 4104 721 4166 lentiliaci
743 4103 838 4164 Ovidii
861 4103 897 4164 cl.
915 4104 1022 4164 Owen
1045 4102 1056 4163 l
1079 4121 1105 4182 p.
1128 4102 1188 4162 Xll.
1211 4103 1284 4163 Cum
1306 4110 1362 4163 tota
1384 4122 1466 4181 argo·

349 4221 521 4283 mentatione
542 4221 578 4282 cl.
601 4221 648 4281 Tc.
671 4219 707 4281 lV
734 4222 815 4281 thil
842 4239 899 4298 sq:

467 4337 556 4416 Saepe
577 4345 657 4416 poten
677 4335 765 4399 dixit:
787 4335 937 4413 „studium
960 4335 1029 4414 quid
1052 4334 1154 4397 inutile
1176 4337 1316 4416 temptas?

512 4453 676 4514 Maeonides
698 4453 793 4515 nullas
815 4452 875 4532 ipse
897 4451 1014 4531 reliquit
1035 4454 1133 4534 opes.”
