3778 5488
858 726 924 794 1183

335 947 427 1016 quae
469 934 622 1010 ceteros3
661 926 723 996 On.
767 925 947 994 Plancium
985 925 1095 994 luisse
1132 948 1254 1006 unum,
1290 946 1358 994 non
1395 945 1441 1014 qu

336 1051 452 1120 minus
485 1052 638 1135 timeret,
662 1051 733 1136 sed,
758 1051 787 1119 si
811 1050 1012 1120 acciderent
1035 1071 1087 1136 ea,
1112 1072 1203 1139 quae
1228 1052 1449 1132 timerentur,

334 1197 471 1246 mecum
508 1197 550 1245 ea
585 1176 703 1245 subire
738 1181 772 1244 et
808 1176 943 1266 perpeti
981 1176 1085 1245 vellet
1118 1177 1179 1261 (ib.
1210 1175 1303 1264 99).”
1328 1174 1451 1264 Neque

333 1301 504 1390 epistulae
541 1301 749 1371 benevolum
786 1301 891 1369 buius
925 1301 1084 1369 animum
1118 1302 1332 1370 infitiantur:
1359 1299 1445 1384 „Ex-

331 1425 522 1505 trudimur,
546 1446 617 1495 nou
642 1447 663 1495 a
687 1422 829 1495 Plancio
852 1465 897 1476 —
919 1446 1002 1494 nam
1027 1427 1057 1494 is
1081 1425 1224 1516 quidem
1248 1427 1378 1494 retinet
1399 1466 1451 1503 -,

336 1570 455 1618 verum
481 1551 527 1619 ab
550 1551 626 1640 ipso
649 1549 726 1620 loco
752 1549 896 1618 minime
920 1550 1079 1638 apposito
1103 1549 1146 1617 ad
1171 1549 1391 1618 tolerandam
1414 1549 1450 1617 in

333 1682 433 1743 tanto
467 1675 565 1745 luctu
601 1674 840 1745 calamitatem
875 1674 932 1760 (ad
960 1674 1031 1743 Ata
1057 1673 1231 1759 Illita).
1257 1673 1450 1743 Meadbuc

332 1799 499 1868 Plancius
522 1798 733 1869 liberalitate
756 1820 821 1869 sua
837 1801 965 1869 retinet
977 1802 1047 1869 iam
1061 1800 1273 1890 aliquotiens
1285 1807 1451 1870 conatum

335 1925 385 1994 ire
409 1926 445 1994 in
470 1925 635 2014 Epirum:
660 1945 740 2015 spes
765 1927 898 1995 homini
919 1927 1452 2014 estiniectanoneadem,quae

335 2050 431 2134 mibi,
467 2069 567 2139 posse
602 2071 667 2119 nos
698 2071 769 2119 una
793 2050 972 2134 decedere,
1002 2072 1109 2139 quam
1135 2071 1208 2119 rem
1234 2048 1300 2119 sibi
1325 2069 1452 2138 magno

333 2175 458 2243 bonori
493 2182 612 2264 sperat
646 2175 732 2245 lore.
767 2176 834 2246 Sed
872 2177 953 2260 iam,
989 2197 1069 2244 cnm
1104 2175 1295 2244 adventare
1325 2172 1453 2242 milites

333 2301 505 2383 dicentur,
541 2300 742 2370 faciendum
778 2299 881 2369 nobis
914 2302 982 2369 erit
1013 2307 1052 2369 ut
1084 2300 1129 2368 ab
1164 2320 1206 2368 eo
1229 2298 1451 2368 discedamus

332 2425 391 2510 (ib.
415 2424 519 2511 221).
545 2424 719 2509 Plancius,
745 2426 849 2494 bomo
872 2425 1161 2510 officiosissimus,
1187 2445 1242 2492 me
1266 2425 1450 2513 cupitesse

331 2569 452 2618 secum
477 2556 511 2618 et
535 2548 651 2618 adbuc
675 2551 821 2618 retinet.
836 2601 843 2618 .
858 2599 887 2616 ..
913 2556 1033 2639 sperat
1045 2569 1145 2638 posse
1159 2549 1245 2633 lieri,
1259 2556 1297 2618 ut
1313 2568 1450 2617 mecum

331 2676 366 2743 in
392 2674 530 2743 ltaliam
555 2673 701 2744 decedat
725 2674 784 2761 (ad
810 2675 834 2743 f.
859 2674 939 2742 xlv
963 2672 1067 2764 l.3).”
1091 2713 1136 2724 -

375 2799 541 2888 Reliquos
587 2799 762 2882 „amicos”
809 2799 932 2868 ordine
977 2798 1199 2889 alphabetico
1234 2798 1452 2868 enumerabo

331 2925 475 2994 adiectis
497 2924 583 2993 locis
605 2924 735 3013 quibus
758 2923 802 2992 de
824 2925 867 2992 iis
892 2925 1023 2992 mentio
1046 2925 1174 2993 iniecta
1199 2930 1262 2992 est.

377 3047 413 3118 L.
439 3049 598 3117 Aelius
622 3047 790 3118 Lamia:
816 3048 875 3132 „L.
900 3048 1070 3130 Lamiam,
1096 3049 1251 3136 quicum
1266 3049 1450 3137 meipsum

333 3194 396 3262 pro
420 3193 560 3242 summa
584 3173 834 3253 familiaritate,
858 3192 949 3261 quae
972 3173 1150 3242 mihicum
1165 3173 1451 3262 patreeiuserat,

332 3299 436 3368 unice
459 3297 637 3387 diligebat,
662 3305 737 3366 tum
762 3318 826 3388 pro
851 3296 1042 3386 republica
1056 3287 1108 3365 vei
1124 3300 1452 3384 mortemoppetere

331 3422 506 3512 cupiebat,
529 3424 564 3491 in
590 3424 752 3492 contione
773 3422 941 3511 relegavit
961 3420 1148 3508 (Gabinius
1161 3420 1379 3490 consulanui
1392 3417 1451 3508 58)

331 3548 520 3638 edixitque,
556 3555 596 3616 ut
630 3548 674 3617 ab
700 3548 787 3617 urbe
810 3547 949 3615 abesset
974 3546 1070 3614 milia
1094 3565 1263 3635 passuum
1288 3544 1451 3628 ducenta,

332 3672 425 3762 quod
463 3679 556 3743 esset
590 3693 698 3742 ausus
732 3693 795 3762 pro
830 3673 908 3756 civi,
935 3692 999 3761 pro
1024 3672 1111 3741 bene
1136 3673 1260 3740 merito
1284 3670 1362 3754 civi,
1387 3691 1450 3760 pro

331 3799 456 3879 amico,
480 3818 544 3887 pro
568 3817 607 3866 re
632 3796 772 3887 publica
795 3796 977 3887 deprecari
1001 3801 1080 3885 (pro
1101 3795 1318 3883 Sostrata.
1332 3795 1453 3863 Lamia

332 3928 535 4012 praeturam
562 3924 665 4012 petit:
691 3922 756 3992 boc
775 3942 840 4012 ego
854 3930 934 3990 utor
947 3943 1017 3990 uno
1030 3923 1188 3991 omnium
1203 3920 1451 4010 plurimum...

332 4047 420 4115 nibil
467 4046 552 4116 mibi
595 4047 672 4115 eius
713 4054 768 4116 est
808 4047 1048 4116 familiaritate
1090 4045 1288 4115 iucundius.
1324 4044 1452 4133 Magno

335 4183 516 4261 praeterea
541 4171 709 4240 benelicio
732 4173 808 4240 eius
826 4191 1023 4261 magnoque
1038 4172 1162 4240 merito
1174 4190 1253 4238 sum
1266 4168 1451 4259 obligatus:

332 4318 414 4366 nam
433 4297 609 4367 Clodianis
621 4297 850 4386 temporibus,
863 4317 945 4364 cum
958 4297 1132 4383 equestris
1144 4294 1277 4363 ordinis
1290 4295 1452 4382 princeps

332 4429 434 4508 esset,
458 4443 592 4512 proque
608 4441 685 4490 mea
697 4421 810 4490 salute
822 4423 993 4491 acerrime
1007 4425 1257 4510 propugnaret,
1270 4441 1291 4487 a
1303 4417 1452 4488 Gabinio
