3734 5518
980 781 1026 848 54

442 988 564 1071 poetae
606 983 739 1051 editum
782 983 916 1065 esse1).
960 978 1036 1046 Non
1080 978 1174 1045 enim
1218 977 1254 1044 in
1292 975 1356 1044 hoc
1391 975 1559 1053 carmine,

439 1108 601 1197 quamvis
634 1106 745 1175 multo
776 1106 932 1194 longiore
960 1109 996 1171 et
1021 1101 1293 1185 vehementiore,
1319 1101 1431 1188 magis
1455 1121 1560 1168 vene-

440 1242 524 1301 nata
553 1234 674 1300 insunt
706 1231 776 1299 tela
798 1250 906 1319 quam
930 1231 965 1297 in
991 1228 1117 1297 ceteris
1140 1247 1231 1316 quae
1254 1227 1289 1294 in
1315 1225 1467 1294 eundem
1493 1226 1560 1293 ini-

442 1359 570 1426 micum
607 1358 758 1446 scriptae
794 1368 877 1423 sunt
911 1353 1030 1441 elegiis
1054 1353 1173 1438 (Trist.
1198 1351 1246 1418 ΙΙΙ
1270 1350 1324 1433 11,
1348 1349 1393 1418 IV
1417 1349 1450 1432 a,
1475 1349 1503 1417 V
1527 1350 1559 1433 8,

441 1502 482 1549 ex
514 1481 540 1548 P
572 1481 617 1550 IV
648 1481 670 1549 3
700 1491 733 1548 et
767 1480 958 1566 fortasse2)
990 1478 1037 1546 lV
1060 1477 1119 1566 16)
1147 1497 1261 1565 neque
1290 1474 1473 1543 verisimile
1497 1480 1560 1558 est,

440 1626 582 1675 carmen
618 1607 653 1674 in
690 1627 761 1694 quo
795 1626 865 1673 non
902 1604 1106 1672 nominatur
1137 1603 1177 1686 is,
1201 1602 1262 1690 qui
1289 1601 1431 1689 petitur,
1455 1600 1559 1690 quale

439 1731 509 1800 Ibis
532 1737 595 1813 est,
619 1731 727 1798 fuisse
751 1731 844 1797 inter
868 1727 1027 1812 „libellos
1050 1732 1113 1795 aut
1136 1727 1294 1796 carmina
1318 1726 1362 1794 ad
1375 1725 1559 1793 infamiam

440 1855 636 1943 cuiuspiam
678 1855 745 1923 sub
780 1855 895 1922 alieno
931 1854 1074 1921 nomine
1109 1853 1208 1939 (nam
1244 1851 1339 1939 leges
1374 1851 1557 1919 duodecim

439 1979 642 2047 tabularum
679 1987 857 2057 caverant,
893 1979 922 2046 si
957 1978 1036 2066 quis
1071 1998 1134 2045 suo
1170 1975 1312 2044 nomine
1347 1975 1380 2043 id
1407 1976 1560 2060 fecisset)

439 2104 571 2172 editos”
604 2102 764 2190 (Sueton.
798 2105 875 2172 Oct.
908 2103 966 2186 55)
995 2121 1147 2191 quorum
1172 2100 1353 2169 libidinem
1377 2100 1561 2190 Augustus

439 2250 470 2295 a.
514 2227 557 2295 12
598 2227 679 2316 (Dio
721 2227 836 2315 5627)
880 2227 1047 2316 repressit
1082 2232 1248 2294 renovata
1282 2225 1358 2312 lege
1393 2225 1482 2292 lulia
1517 2224 1561 2292 de

440 2353 635 2430 maiestate,
667 2373 775 2441 quam
806 2352 936 2420 Caesar
958 2351 1108 2420 dictator
1132 2350 1364 2419 constituerat
1387 2347 1453 2434 (cf.
1478 2348 1559 2417 Tac.

441 2475 532 2544 Anu.
567 2475 581 2542 Ι
614 2475 731 2560 72)3).
767 2475 945 2564 Scriptum
977 2486 1096 2543 autem
1132 2495 1257 2564 poema
1288 2479 1342 2540 est
1366 2473 1505 2542 circiter
1529 2493 1560 2540 a.

436 2598 459 2666 9
496 2621 527 2688 p.
563 2597 644 2667 Chr.
681 2621 725 2678 n.‚
762 2621 832 2688 quo
864 2621 957 2668 anno
993 2598 1139 2668 Ovidius
1176 2599 1227 2666 bis
1267 2598 1424 2688 quinque
1448 2597 1559 2665 lustra

440 2729 625 2811 peregerat
648 2723 714 2810 (vs.
738 2723 774 2809 1)
797 2730 903 2813 atque
927 2725 1035 2812 igitur
1059 2745 1089 2792 a.
1113 2723 1158 2791 12
1181 2744 1324 2793 carmen
1339 2724 1407 2790 iam
1422 2722 1558 2811 pridem

438 2847 573 2916 editum
597 2869 673 2916 esse
698 2849 822 2938 potuit.
848 2849 914 2918 Sed
939 2869 1030 2938 quae
1055 2848 1226 2918 iactabat:

568 3019 726 3079 Postmodo
747 3019 834 3097 plura
855 3019 946 3096 loges,
967 3023 997 3078 et
1018 3036 1125 3078 nomen
1148 3017 1289 3077 habentia
1310 3037 1423 3094 verum,

1371 3134 1425 3210 (vs.
1448 3135 1519 3207 641)

438 3292 593 3377 „frustra
629 3292 842 3370 minabatur,
871 3313 1066 3382 numquam
1091 3291 1251 3363 tacturus
1271 3294 1347 3362 luit.
1372 3292 1450 3360 Non
1475 3293 1559 3381 quia

437 3417 599 3504 graviora
623 3417 739 3485 adhuc
763 3416 831 3485 dici
857 3419 912 3484 rix
937 3418 1126 3506 potuerint,
1150 3423 1213 3485 aut
1236 3419 1319 3506 quia
1333 3415 1446 3484 Ovidii
1459 3418 1558 3505 inge-

438 3541 537 3607 nium
576 3540 694 3608 odium
732 3541 804 3608 suis
840 3539 1060 3630 temporibus
1095 3542 1239 3629 dignum
1282 3541 1455 3608 sustinere
1487 3561 1557 3609 non

439 3664 598 3747 valuerit,
622 3663 683 3732 sed
706 3665 795 3748 ideo,
820 3665 904 3754 quia
930 3666 959 3732 si
984 3666 1068 3755 quid
1093 3667 1258 3754 seipsum,
1280 3671 1342 3733 aut
1365 3685 1557 3733 suosama·

437 3795 501 3872 ret,
536 3787 733 3856 cavendum
757 3790 789 3857 ei
809 3788 886 3870 fuit,
911 3810 955 3857 ne
978 3789 1064 3857 illud
1088 3791 1310 3878 experiretur
1334 3789 1558 3859 Callimachi:

478 4005 508 4078 1)
551 4003 592 4064 Cl.
614 4003 767 4065 Ehwald
789 4023 816 4064 o.
837 4023 861 4064 c.
884 4005 923 4066 13
945 4022 971 4083 p.
997 4006 1069 4067 136:
1094 4005 1160 4066 dass
1181 4004 1233 4065 das
1254 4003 1373 4066 chicht
1395 4008 1453 4066 ers't
1464 4010 1560 4084 apator

436 4118 526 4179 ediert
544 4118 595 4190 sei,
618 4118 654 4179 ist
679 4118 947 4180 nnwarscheinlich.
969 4122 1004 4182 cl.
1028 4121 1271 4199 Wartenberg
1292 4120 1320 4181 S.
1343 4122 1410 4180 lla.

478 4235 508 4300 al
551 4234 705 4296 Wolllel
728 4235 879 4297 Pontische
902 4235 995 4296 Briele
1017 4236 1091 4298 llinl.
1114 4255 1141 4316 p.
1158 4240 1235 4298 2057
1257 4255 1300 4315 ao.
1322 4235 1456 4297 Schulz
1478 4237 1510 4308 Q.
1523 4237 1558 4298 0.

437 4368 482 4428 ap.
506 4349 661 4410 Ehwald
682 4368 707 4411 o.
730 4369 754 4410 c.
778 4352 825 4421 31,
850 4353 915 4411 159.

478 4465 509 4542 3)
550 4464 591 4525 Gi.
615 4465 751 4525 Merkel
774 4465 906 4527 Prolusio
928 4466 961 4527 ad
983 4466 1046 4527 lhin
1069 4485 1095 4546 p.
1115 4469 1173 4529 3111
1195 4485 1256 4546 sqq.
