3734 5518
857 667 898 734 51

316 867 393 950 iter,
429 865 444 934 I
476 884 523 934 rs.
556 866 595 950 43
619 865 732 955 deque
757 885 835 933 meo
860 863 1004 954 pavidos
1026 872 1151 934 excute
1175 867 1279 936 corde
1306 876 1429 951 metus,

319 1012 365 1059 vs.
389 991 450 1080 16)
473 997 580 1081 atque
604 995 691 1074 orat,
716 1006 759 1057 ne
783 990 896 1058 levem
920 996 1103 1058 aversetur
1122 991 1289 1060 honorem
1305 994 1371 1079 (vs.
1384 993 1431 1082 5).

316 1115 467 1186 Prorsus
491 1118 643 1206 priorem
669 1115 810 1204 linguae
834 1113 1018 1183 audaciam
1042 1113 1178 1183 servilis
1193 1117 1433 1186 animiosten-

315 1241 447 1310 tatione
480 1241 653 1309 redimere
686 1239 772 1308 velie
800 1239 948 1308 videtur.
975 1239 1090 1308 Verba
1116 1239 1231 1309 verbis
1255 1262 1432 1310 nonnum-

319 1385 428 1455 quam
462 1366 689 1456 respondent‚
721 1387 803 1435 cum
837 1372 939 1434 tenor
972 1367 1081 1456 priori
1107 1365 1209 1454 plane
1234 1367 1433 1435 contrarius

314 1491 369 1559 sit.
394 1490 540 1561 Confer:

414 1635 509 1712 Ergo
530 1635 620 1694 odeo
640 1639 670 1694 et
691 1633 846 1712 placido
867 1634 988 1712 panium
1012 1651 1077 1692 mee
1099 1652 1223 1693 munero
1244 1635 1350 1694 voitu

452 1749 625 1827 Respice,
648 1749 815 1828 pacando
836 1748 934 1826 siquid
955 1749 994 1808 ab
1015 1749 1121 1809 hoste
1144 1768 1240 1809 vaona.

1204 1865 1251 1944 (11
1275 1868 1310 1926 li
1333 1867 1390 1944 oq.)

313 1964 396 2013 cum
409 1965 417 2012 :

413 2070 463 2128 Dc
485 2069 574 2130 mihi
596 2077 630 2130 te
651 2070 854 2149 placidum:
876 2069 993 2129 dederis
1015 2071 1045 2127 in
1067 2070 1201 2128 carmina
1222 2072 1380 2132 vireo...

411 2184 586 2264 Officioque,
608 2186 703 2245 lovem
726 2204 785 2245 non
806 2192 962 2244 enormius
983 2186 1135 2253 honorem.

452 2299 530 2359 Huic
550 2300 605 2360 tibi
626 2300 734 2360 devoto
756 2301 906 2359 numine
927 2300 1060 2360 dexter
1080 2300 1250 2362 odem...

412 2416 524 2493 Excipe
544 2422 683 2494 pecata,
705 2415 815 2476 Caesar
836 2416 1022 2492 Germanice,
1047 2415 1156 2475 vultu

451 2531 515 2591 Hoc
535 2551 619 2610 opus.

1005 2614 1033 2690 (Ι
1058 2614 1125 2684 l‘i‚5
1146 2632 1200 2691 sq„
1222 2619 1240 2672 3
1261 2617 1326 2691 eqd.
1349 2649 1388 2658 -

354 2744 498 2813 Praeter
523 2745 613 2813 hanc
637 2745 892 2814 dedicationem
916 2745 1118 2815 Germanici
1136 2746 1201 2815 sibi
1217 2747 1426 2816 conciliandi

309 2870 465 2937 studium
500 2877 649 2959 apparet
681 2871 718 2937 in
753 2871 988 2959 gratulatione
1025 2871 1105 2938 lani.
1122 2871 1151 2958 (i
1175 2870 1220 2938 63
1242 2875 1309 2960 sq.)
1332 2879 1367 2940 et
1389 2872 1424 2938 in

310 2995 479 3084 triumphi
503 2995 546 3063 de
570 2995 761 3064 Germania
787 2997 961 3064 mentione
986 2995 1184 3085 (amsqqn
1199 2995 1427 3065 Tiberiumet

311 3117 455 3186 domum
481 3119 744 3207 imperatoriam
769 3118 949 3188 celebrant
974 3140 1021 3188 vs.
1045 3119 1224 3188 nar-650
1247 3119 1345 3206 (646ε
1371 3142 1419 3188 sa·

310 3249 428 3310 cratae
454 3263 591 3325 manue,
615 3242 699 3312 oro:
725 3243 796 3311 dux
821 3243 1030 3327 venerande,
1053 3242 1121 3312 649
1143 3264 1212 3331 sq.:

309 3385 395 3446 Hanc
415 3385 610 3464 (Concordiae
632 3387 788 3466 tempium)
802 3393 854 3446 tue
865 3387 1021 3447 constituit
1031 3388 1172 3464 genetrix
1182 3393 1213 3446 et
1224 3381 1313 3447 rebus
1324 3394 1353 3446 ot
1365 3407 1426 3456 era,

388 3502 457 3562 Sola
480 3509 545 3563 toro
567 3504 668 3581 magni
690 3503 782 3580 digna
802 3507 921 3581 reperte
943 3501 1047 3580 Iovio.)

309 3642 345 3702 et
371 3655 417 3703 ve.
439 3633 627 3714 531-536,
652 3636 713 3703 ubi
738 3634 901 3702 Evander
924 3634 1046 3702 futura
1070 3633 1259 3722 praedicit:

488 3778 526 3838 nt
547 3797 638 3856 ponec
658 3779 811 3856 Augustos
831 3778 946 3856 petrice
966 3777 1061 3837 tutela
1084 3777 1214 3837 manebit

529 3895 614 3954 Hanc
636 3894 681 3954 ica
701 3895 817 3972 imperii
839 3893 926 3953 frene
946 3898 1048 3952 tenere
1071 3893 1201 3953 domum.

488 4009 563 4068 Inde
584 4028 676 4087 nepos
697 4014 844 4086 natusque
865 4008 923 4085 dei,
945 4008 1014 4067 iicet
1034 4009 1097 4086 ipae
1120 4013 1244 4078 recuset,

529 4125 666 4185 Pondere
686 4125 806 4184 caelesti
829 4129 928 4184 mento
950 4129 1074 4200 paterna
1096 4122 1180 4182 ieret.

486 4241 587 4318 thue
608 4258 664 4319 ogo
686 4241 837 4318 perpetuis
858 4240 929 4300 olim
951 4241 1090 4300 scombor
1109 4240 1141 4299 io
1162 4240 1232 4316 cris,

530 4356 577 4416 Sic
600 4357 738 4435 Auguste
758 4374 870 4416 novum
891 4355 970 4416 Iulia
994 4373 1105 4414 numen
1131 4355 1190 4414 orit
