3792 5486
943 730 1006 799 llll

410 927 612 1013 nobilitatis,
647 949 718 1017 qua
752 928 882 997 amissa
916 928 1032 997 denuo
1068 929 1172 998 homo
1207 949 1320 998 novus
1342 929 1407 997 sibi
1434 930 1527 998 visua

410 1061 473 1120 est.
509 1052 603 1142 Opes
636 1058 755 1121 autem
793 1052 906 1138 exilio,
943 1054 972 1121 si
1007 1074 1076 1122 nun
1102 1053 1263 1122 funditus
1286 1053 1451 1144 perditas,
1476 1063 1529 1124 at·

410 1187 529 1246 tamen
553 1179 708 1268 graviter
731 1179 937 1247 imminutas
960 1199 1047 1259 esse,
1071 1179 1163 1267 quod
1185 1200 1249 1270 per
1260 1200 1296 1247 se
1309 1180 1379 1247 iam
1393 1179 1530 1249 intelle-

411 1303 516 1391 gitur,
551 1302 672 1371 Cicero
707 1303 792 1371 dicit
826 1301 871 1370 ad
896 1304 967 1372 Att.
993 1304 1038 1372 IV
1062 1303 1135 1373 3.6:
1160 1325 1220 1388 „re
1244 1305 1410 1374 familiari
1433 1326 1529 1375 eom·

413 1427 540 1496 minuti
564 1429 720 1495 sumus”.
744 1467 788 1476 -

457 1550 622 1621 Ovidiu
634 1573 666 1619 m
692 1553 916 1621 narravimus
939 1553 1048 1621 lratre
1067 1559 1205 1622 mortuo
1220 1554 1384 1622 heredem
1399 1575 1441 1622 ex
1453 1574 1530 1623 asse

412 1675 546 1746 lactum
569 1697 645 1746 esse
669 1678 789 1767 patria,
813 1679 875 1766 qui
899 1699 1043 1747 censum
1069 1680 1286 1748 senatorium
1320 1679 1530 1770 possidebat,

412 1803 446 1870 id
481 1808 545 1885 est,
579 1803 674 1891 quod
711 1803 895 1871 minimum
932 1810 1018 1886 erat,
1053 1803 1168 1872 decies
1192 1805 1412 1887 sestertium
1439 1803 1531 1873 lilius

412 1927 507 1995 enim
531 1927 602 1996 lato
626 1927 724 1995 clavo
748 1933 895 1998 ornatus
918 1931 989 1995 est:

593 2097 792 2175 induiturque
813 2099 923 2156 umeris
942 2116 1010 2157 uum
1031 2096 1092 2156 lato
1113 2116 1244 2174 purpura
1264 2097 1357 2156 eluro.

1243 2213 1304 2286 (Tr.
1327 2213 1372 2271 1v
1395 2215 1494 2287 1029)

412 2387 501 2458 (lum
526 2407 702 2477 nusquam
727 2389 871 2476 vestigia
893 2394 1082 2458 occurrant
1106 2389 1171 2458 huc
1194 2389 1446 2477 patrimonium
1460 2390 1531 2459 dis-

413 2513 566 2602 sipatum
591 2512 700 2582 luisse
724 2522 829 2602 atque
856 2512 1041 2598 verisimile
1065 2514 1110 2582 sit
1132 2513 1273 2582 tertiam
1299 2513 1423 2582 saltem
1444 2535 1532 2583 uxo-

416 2658 487 2706 rem
515 2638 608 2706 unde
622 2637 792 2707 familiam
806 2645 1020 2707 sustentaret
1033 2637 1197 2706 habuisse
1210 2638 1421 2727 (numquam
1435 2639 1529 2706 euim

415 2764 564 2831 maritus
587 2763 667 2832 exul
693 2764 735 2831 de
759 2765 835 2832 eius
860 2767 949 2831 vitae
970 2763 1174 2832 condicione
1197 2763 1366 2832 sollicitus
1384 2763 1531 2845 videtur,

413 2909 493 2958 eum
530 2889 603 2957 suis
637 2888 789 2956 fortunis
823 2889 985 2957 imminet
1021 2888 1244 2977 periculum),
1280 2896 1363 2957 ante
1387 2887 1530 2956 exilium

415 3019 517 3103 poeta
542 3032 676 3100 pauper
698 3034 768 3082 nou
793 3018 878 3081 erat.
905 3013 1002 3082 Boua
1026 3020 1156 3092 autem,
1177 3013 1270 3101 quod
1291 3013 1335 3081 ad
1350 3013 1531 3082 decretum

415 3137 649 3224 perniciosum
676 3137 843 3228 principis
866 3136 1050 3218 attinebat,
1074 3136 1171 3205 salva
1196 3143 1309 3220 erant,
1334 3158 1416 3204 nam
1442 3136 1532 3205 rele-

413 3261 503 3349 gatis
538 3262 732 3329 secundum
765 3261 915 3350 primam
948 3261 1100 3349 Augusti
1127 3261 1384 3329 institutionem
1408 3259 1532 3350 (supra

414 3406 446 3474 p.
472 3383 530 3474 77)
542 3387 620 3456 iura
634 3385 749 3455 civilia
761 3385 1063 3475 relinquebantur.
1088 3385 1211 3475 Itaque
1224 3384 1309 3453 dum
1327 3385 1533 3476 deportatus

415 3509 571 3578 nondum
607 3510 684 3594 luit,
720 3509 844 3579 Ovidio
879 3509 985 3578 rebus
1016 3511 1089 3578 suis
1113 3509 1199 3578 nihil
1224 3511 1422 3579 timendum
1445 3518 1531 3580 erat.

414 3635 461 3702 At
485 3634 589 3724 paulo
613 3642 799 3724 postquam
824 3637 859 3704 in
883 3635 1027 3704 exilium
1053 3637 1253 3718 missusest
1267 3634 1412 3719 delator,
1426 3655 1531 3723 quem

414 3759 488 3827 lbiu
526 3757 672 3828 Ovidius
706 3759 870 3850 appellat,
902 3782 1045 3850 operam
1081 3760 1166 3829 dare
1202 3761 1327 3847 coepit,
1363 3768 1403 3827 ut
1426 3761 1531 3828 etiam

414 3883 506 3953 bona
540 3885 791 3953 adimerentur.
827 3885 926 3966 Quod
958 3885 1059 3954 illum
1083 3886 1207 3955 iecisse
1233 3884 1399 3953 Merkel
1424 3884 1531 3971 (Prol.

413 4009 458 4077 ad
484 4009 559 4077 Ibiu
585 4031 618 4099 p.
641 4007 709 4077 396
731 4009 799 4098 sq.)
823 4009 972 4077 fortasse
996 4015 1091 4078 reete
1115 4011 1315 4098 auspicatur
1336 4009 1472 4077 ratione
1491 4029 1533 4077 ea

412 4133 511 4219 inita,
546 4140 608 4219 „ut
642 4134 901 4204 accusationem
934 4135 1126 4223 legitimam
1152 4135 1227 4223 lege
1254 4133 1446 4202 maiestatis
1470 4133 1533 4200 mi-

413 4265 571 4328 naretur.
598 4258 671 4328 Hoc
695 4258 847 4348 probant

614 4427 722 4505 Meque
742 4445 826 4487 reum
848 4427 968 4506 dempto
989 4427 1048 4486 fine
1068 4431 1209 4488 eruentus
1229 4447 1315 4506 egam
