3792 5486
870 698 937 766 159

340 898 588 981 defendissent,
612 917 828 988 quamquam
843 896 912 966 iam
926 914 986 963 eos
998 894 1118 964 auxilii
1131 895 1310 984 paenitere
1324 895 1459 964 videre-

340 1028 409 1092 tur.
441 1021 653 1112 (Optimates
681 1021 789 1091 fuisse
813 1019 940 1089 debent
966 1020 1158 1089 adversarii
1181 1020 1459 1103 triumvirorum,

340 1148 470 1239 quibus
504 1147 625 1216 Cicero
661 1147 771 1215 redux
807 1146 948 1234 servit):
985 1145 1081 1229 „lam
1116 1145 1272 1235 quidam,
1304 1146 1364 1235 qui
1396 1165 1460 1214 nos

340 1273 504 1343 absentes
545 1271 793 1354 defenderunt,
834 1270 1008 1359 incipiunt
1043 1269 1288 1360 praesentibus
1323 1270 1459 1340 occulte

341 1399 455 1478 irasci,
479 1403 600 1487 aperte
623 1396 781 1466 invidere
804 1397 865 1486 (ad
889 1397 961 1465 Att.
986 1395 1031 1466 lV
1055 1394 1159 1484 l.8)'’.
1186 1405 1224 1445 -ss

386 1522 460 1592 lam
497 1523 689 1606 videamus,
724 1542 816 1610 quae
839 1541 883 1589 ex
906 1521 1084 1591 Ciceronis
1108 1520 1224 1591 verbis
1247 1519 1290 1588 de
1314 1520 1461 1609 singulis

342 1647 570 1716 familiarium
606 1647 777 1738 personia,
812 1646 856 1714 de
891 1666 1014 1714 eorum
1049 1647 1085 1714 in
1116 1665 1164 1730 se,
1187 1647 1231 1714 de
1255 1665 1319 1714 suo
1342 1646 1378 1714 in
1402 1665 1462 1715 eos

343 1773 471 1856 animo,
506 1771 641 1841 discere
676 1773 859 1861 possimus.
893 1769 945 1838 Ab
968 1791 1010 1839 eo
1033 1771 1224 1854 ordiemur,
1248 1790 1353 1861 quem
1378 1791 1461 1840 cum

343 1896 476 1966 dudum
502 1897 633 1966 saeculi
657 1897 711 1964 sui
733 1897 848 1964 virum
861 1895 1069 1985 primarium
1083 1896 1327 1976 existimasset,
1340 1895 1461 1966 Cicero

344 2027 464 2110 postea
498 2019 624 2090 acerbe
660 2020 871 2110 percensuit,
896 2020 955 2090 cui
977 2019 1207 2089 nihilominus
1230 2019 1386 2090 confisus
1407 2026 1462 2090 est

342 2146 457 2232 nimiS,
482 2184 525 2196 -
548 2167 569 2214 a
592 2145 816 2235 Pompeio.

389 2271 622 2361 Temporibus
657 2270 743 2360 legis
779 2269 943 2339 Maniliae
967 2290 998 2338 a.
1022 2269 1076 2350 66,
1100 2290 1182 2339 cum
1206 2269 1326 2340 Cicero
1350 2290 1463 2359 aeque

345 2414 386 2463 ao
420 2394 608 2485 Pompeius
633 2394 863 2485 popularibus
886 2393 1037 2477 favebat,
1062 2393 1276 2464 immanibus
1299 2394 1463 2464 laudibus

345 2519 583 2610 „singularem
629 2520 867 2607 eximiamque
914 2521 1079 2588 virtutem
1127 2519 1185 2602 (de
1229 2521 1353 2609 imper.
1400 2520 1462 2589 Cn.

346 2643 467 2734 Pomp.
502 2643 561 2734 3)”
597 2645 673 2712 eius
707 2645 843 2729 extulit,
868 2645 910 2713 ad
936 2664 1041 2732 quem
1066 2650 1118 2713 tot
1141 2650 1328 2738 tantasque
1351 2645 1463 2714 res-di

346 2766 564 2836 immortales
587 2768 805 2848 detulissent,
829 2775 916 2857 quot
938 2775 974 2836 et
997 2775 1149 2859 quantas
1173 2790 1276 2839 nemo
1292 2791 1463 2862 umquam

346 2893 391 2962 ab
414 2893 468 2962 dis
479 2893 740 2962 immortalibus
753 2894 806 2962 vel
820 2894 948 2962 tacitus
961 2900 1082 2983 optare
1095 2894 1243 2963 auderet
1255 2895 1322 2980 (uf.
1334 2896 1381 2965 ib.
1393 2895 1463 2984 48).

346 3016 571 3108 Quamquam
596 3018 664 3085 iam
691 3039 721 3086 a.
746 3018 791 3085 65
813 3018 912 3086 illum
926 3018 972 3087 ab
984 3019 1100 3089 Attico
1112 3022 1311 3107 permoveri
1323 3040 1465 3089 necesse

347 3141 424 3222 fuit,
456 3162 501 3210 ne
534 3141 694 3212 Ciceroni
729 3145 996 3232 competitorem
1034 3144 1238 3214 consulatus
1272 3151 1466 3234 opponeret

347 3265 405 3352 (ad
441 3267 513 3334 Att.
549 3267 563 3335 l
598 3266 680 3356 12),
705 3268 811 3335 etiam
839 3269 962 3337 consul
986 3268 1106 3338 Cicero
1130 3269 1294 3339 omnibus
1315 3271 1467 3340 ducibus

346 3391 547 3481 anteposuit
582 3391 790 3481 Pompeium
821 3394 944 3472 „cuius
967 3413 1023 3462 res
1045 3400 1164 3484 gestae
1188 3401 1294 3484 atque
1318 3396 1467 3466 virtutes

347 3516 459 3585 isdem
495 3517 626 3605 quibus
650 3516 733 3586 solis
757 3537 884 3587 cursus
907 3517 1110 3608 regionibus
1133 3540 1175 3589 ac
1198 3521 1359 3589 terminis
1382 3541 1466 3590 con-

347 3641 528 3709 tinentur’'
563 3640 654 3729 (Cat.
689 3641 735 3710 IV
769 3640 840 3731 21).
877 3642 1073 3712 Admiratio
1108 3650 1228 3712 autem
1253 3645 1313 3714 illa
1337 3647 1466 3714 sensim

350 3765 487 3833 minuta
528 3772 592 3846 est,
628 3787 710 3836 cum
746 3766 868 3837 Cicero
903 3788 940 3836 se
976 3768 1205 3857 optimatibus
1240 3771 1467 3855 consociaret,

350 3888 538 3980 Pompeius
578 3891 624 3961 ab
654 3893 696 3962 iis
730 3914 801 3962 non
844 3895 929 3962 satis
971 3893 1187 3964 laudaretur.
1238 3895 1313 3964 lam
1348 3898 1467 3965 statim

350 4021 429 4105 post
462 4016 686 4086 consulatum
721 4019 943 4108 refrigeratio
978 4020 1153 4110 quaedam
1179 4019 1366 4089 manifesta
1390 4021 1467 4090 luit.

351 4139 472 4211 Cicero
503 4141 546 4210 de
577 4143 650 4213 suis
681 4143 787 4212 rebus
817 4145 853 4212 in
879 4144 1065 4213 consulatu
1088 4145 1196 4233 gestis
1219 4144 1408 4236 „Pompeio
1432 4147 1468 4215 in

352 4266 472 4335 Asiam
507 4267 694 4357 epistulam
730 4289 800 4337 non
832 4268 1044 4338 mediocrem
1076 4269 1120 4337 ad
1145 4269 1258 4339 instar
1283 4270 1469 4340 voluminis

351 4391 519 4480 scriptam
555 4393 709 4479 miserat,
746 4393 937 4482 aliquanto,
970 4399 1009 4463 ut
1042 4392 1236 4482 videbatur,
1260 4396 1469 4467 insolentius
