3778 5488
957 661 1025 730 218

433 863 550 944 „mitis
573 861 682 930 daus''
706 861 836 930 dicitur
858 859 904 929 ib.
928 859 960 927 ll
982 858 1070 942 lna,
1094 859 1153 927 sed
1180 859 1245 926 hoc
1269 858 1355 940 loco,
1380 852 1548 924 ulnam

432 986 605 1080 (Romana.
639 987 813 1070 numina),
849 985 913 1054 122
948 986 1073 1075 (deos),
1108 1005 1188 1053 cum
1214 983 1374 1071 Augusto
1397 982 1550 1049 iunctus.

432 1110 529 1191 Quae
552 1118 671 1180 autam
696 1111 742 1180 ib.
766 1109 934 1179 837-4‘2
957 1111 1035 1180 laus
1051 1110 1240 1200 protertur,
1254 1107 1443 1176 immodica
1455 1110 1550 1175 certa

431 1235 641 1325 appellanda
665 1255 734 1304 non
759 1242 812 1304 est
836 1236 930 1321 (Vid.
957 1233 1222 1303 Merkelium
1247 1231 1308 1317 ll.)
1332 1249 1446 1319 neque
1464 1229 1551 1296 haec

431 1361 538 1428 verba
561 1360 705 1427 nimiam
731 1358 886 1449 produnt
907 1359 1049 1427 futurae
1072 1358 1279 1427 clamentiae
1303 1375 1419 1444 spem:

590 1502 627 1562 lit
649 1507 710 1572 tua,
731 1503 756 1561 ai
779 1501 824 1562 faa
839 1507 894 1577 eat,
915 1521 933 1561 a
954 1501 1080 1562 Oaaaara
1101 1503 1236 1580 proxima
1257 1501 1376 1574 Caesar,

627 1617 760 1677 Numina
780 1617 840 1678 aiut
861 1619 997 1696 praeibat
1019 1636 1078 1678 non
1099 1619 1220 1676 inimica
1242 1617 1329 1676 maia:

588 1733 635 1793 sio
657 1732 720 1792 sara
741 1752 831 1812 quam
853 1735 982 1811 primum
1004 1734 1112 1812 pavido
1132 1733 1295 1793 Germania
1316 1731 1402 1791 vultu

628 1850 708 1909 Auta
728 1849 948 1927 triumphantes
969 1867 1057 1908 sarva
1073 1848 1188 1908 teratur
1208 1866 1317 1926 aquoa:

589 1963 637 2023 sie
658 1969 743 2043 patar
763 1966 793 2024 in
817 1964 928 2043 Pylios,
949 1965 1096 2025 Cumaeoa
1117 1969 1212 2024 maiar
1232 1965 1264 2023 in
1285 1982 1380 2023 annot

629 2080 752 2158 Vivant,
773 2086 804 2140 at
825 2081 919 2159 postia
938 2080 1019 2140 filiua
1039 2099 1104 2140 asae
1125 2080 1186 2140 diu.

472 2212 560 2281 (ium
586 2212 631 2281 lV
655 2213 676 2280 7
701 2213 849 2282 Vestalis
872 2221 1029 2302 rogatur,
1054 2221 1093 2282 ut
1117 2214 1159 2281 de
1173 2215 1301 2282 misano
1314 2220 1438 2302 poetae
1451 2217 1545 2278 statu

426 2339 577 2422 nuntiet,
612 2337 752 2407 Tiberio
786 2340 856 2407 iam
894 2339 1043 2428 principi
1071 2339 1157 2408 haec
1182 2337 1349 2406 mandata
1373 2338 1547 2408 destinata

426 2468 520 2546 sunt,
545 2462 605 2531 sed
631 2463 742 2552 ipsius
767 2484 810 2532 ne
834 2484 962 2532 nomen
987 2463 1131 2552 quidem
1155 2463 1259 2531 edera
1283 2483 1391 2532 ausus
1416 2471 1480 2532 est.

470 2587 516 2654 lV
539 2586 562 2654 9
584 2587 757 2657 Graecino
781 2588 1004 2657 consulatum
1028 2588 1229 2676 gratulatur
1253 2587 1416 2671 Ovidius:

466 2721 644 2800 Multipliaat
665 2727 764 2781 tamen
787 2722 866 2783 huna
888 2725 1022 2800 gravitas
1043 2724 1174 2783 auatoria
1197 2723 1349 2800 honoram,

505 2837 543 2897 lit
564 2838 750 2897 maiestatem
771 2857 818 2898 raa
839 2839 909 2898 data
930 2839 1029 2899 dantia
1052 2839 1150 2900 habat.

466 2953 587 3013 ludiciia
607 2954 701 3030 igitur
721 2955 810 3015 liceat
831 2956 997 3034 Flaaaoqua
1017 2957 1132 3035 tibique

505 3069 627 3129 Talibus
649 3071 778 3148 Augusti
800 3076 917 3150 tompus
938 3073 969 3131 in
990 3091 1078 3133 omna
1099 3071 1168 3133 frui.
1362 3155 1413 3230 (67
1457 3155 1507 3227 w)

464 3265 502 3324 lit
522 3269 622 3324 tamen
644 3265 716 3325 haaa
737 3266 830 3339 (mala
850 3273 964 3342 nostra)
984 3274 1110 3346 tangant
1123 3269 1284 3346 aliquando
1295 3269 1432 3329 Caesaris
1443 3288 1547 3328 aurea:

503 3381 554 3440 nn
575 3381 671 3458 illum,
692 3386 754 3443 toto
773 3384 852 3461 quod
874 3383 908 3443 fii
930 3386 960 3443 ¹¹¹
982 3385 1064 3461 Μ’
1085 3385 1166 3445 ¹⁸¹⁰‘'
1357 3466 1428 3543 (125
1500 3469 1511 3538 )

1452 3485 1495 3545 Bq.

470 3565 519 3633 De
541 3566 665 3634 eodem
690 3567 846 3638 ilheno:

502 3700 619 3778 (Donni)
641 3701 713 3761 llaaa
734 3721 835 3780 param
859 3704 971 3764 virtute
993 3706 1080 3782 patri,
1103 3706 1154 3782 qui
1176 3705 1262 3765 frana
1282 3713 1402 3766 coaetus
1415 3711 1438 3782 ¹)

684 3817 778 3896 Saapa
800 3821 928 3878 raauaati
949 3821 1062 3898 caperit
1082 3822 1210 3899 imperii,

929 3936 980 4010 (ib.
1006 3939 1091 3996 luat
1113 3957 1168 4015 aq.
1190 3937 1235 3998 (tf.
1257 3939 1326 3998 Tan.
1349 3940 1385 3998 A.
1408 3939 1423 3997 Ι
1447 3941 1505 4012 12).

422 4045 507 4115 Quod
529 4049 560 4122 (i.
582 4066 608 4108 a.
630 4049 711 4109 salua
732 4054 810 4130 maa)
830 4052 972 4129 quoniam
994 4054 1024 4112 in
1047 4053 1093 4113 dia
1103 4061 1158 4124 eat,
1169 4059 1283 4133 tempta
1293 4055 1388 4114 lenita
1399 4056 1546 4133 procando

462 4161 603 4235 Numina,
625 4173 770 4243 perpetua
791 4185 868 4244 quaa
890 4169 1000 4245 piamta
1022 4169 1103 4229 colia.

1263 4252 1314 4326 (ib.
1340 4252 1426 4312 1523
1448 4251 1505 4329 aq.)

423 4327 755 4449 ῙᾸῙιϊε-τοςεῑυε.
