<?xml version="1.0" encoding="UTF-8"?>
<!DOCTYPE html PUBLIC "-//W3C//DTD XHTML 1.0 Transitional//EN"
    "http://www.w3.org/TR/xhtml1/DTD/xhtml1-transitional.dtd">
<html xmlns="http://www.w3.org/1999/xhtml" xml:lang="en" lang="en">
 <head>
  <title>
</title>
<meta http-equiv="Content-Type" content="text/html;charset=utf-8" />
  <meta name='ocr-system' content='tesseract 3.04.00' />
  <meta name='ocr-capabilities' content='ocr_page ocr_carea ocr_par ocr_line ocrx_word'/>
</head>
<body>
  <div class='ocr_page' id='page_1' title='image "./exulumtriassive00leopgoog_0068.png"; bbox 0 0 3734 5518; ppageno 0'>
   <div class='ocr_carea' id='block_1_1' title="bbox 874 775 919 842">
    <p class='ocr_par' dir='ltr' id='par_1_1' title="bbox 874 775 919 842">
     <span class='ocr_line' id='line_1_1' title="bbox 874 775 919 842; baseline 0 0"><span class='ocrx_word' id='word_1_1' title='bbox 874 775 919 842; x_wconf 86' lang='lat'><strong>55</strong></span> 
     </span>
    </p>
   </div>
   <div class='ocr_carea' id='block_1_2' title="bbox 426 997 1372 1202">
    <p class='ocr_par' dir='ltr' id='par_1_2' title="bbox 426 997 1372 1202">
     <span class='ocr_line' id='line_1_2' title="bbox 426 997 1364 1084; baseline -0.004 -20"><span class='ocrx_word' id='word_1_2' title='bbox 426 1001 486 1074; x_wconf 78' lang='grc' dir='ltr'><strong>Ὃς</strong></span> <span class='ocrx_word' id='word_1_3' title='bbox 510 999 640 1084; x_wconf 77' lang='grc' dir='ltr'><strong><em>δ’ἐτὲρῳ</em></strong></span> <span class='ocrx_word' id='word_1_4' title='bbox 661 1002 746 1062; x_wconf 75' lang='grc' dir='ltr'><strong><em>κακοὶ</em></strong></span> <span class='ocrx_word' id='word_1_5' title='bbox 770 1001 883 1084; x_wconf 58' lang='lat' dir='ltr'><strong>setiger,</strong></span> <span class='ocrx_word' id='word_1_6' title='bbox 908 1002 948 1079; x_wconf 77' lang='grc' dir='ltr'><strong>ἑῷ</strong></span> <span class='ocrx_word' id='word_1_7' title='bbox 978 999 1078 1061; x_wconf 83' lang='grc' dir='ltr'><strong><em>κακὸν</em></strong></span> <span class='ocrx_word' id='word_1_8' title='bbox 1105 1000 1204 1079; x_wconf 70' lang='grc' dir='ltr'><strong><em>ἥπατι</em></strong></span> <span class='ocrx_word' id='word_1_9' title='bbox 1225 997 1364 1080; x_wconf 46' lang='lat' dir='ltr'><strong>retiret?</strong></span> 
     </span>
     <span class='ocr_line' id='line_1_3' title="bbox 1072 1126 1372 1202; baseline -0.007 -17"><span class='ocrx_word' id='word_1_10' title='bbox 1072 1127 1230 1202; x_wconf 82' lang='lat' dir='ltr'><strong>(Merkel</strong></span> <span class='ocrx_word' id='word_1_11' title='bbox 1252 1126 1312 1196; x_wconf 82' lang='lat' dir='ltr'><strong>lt).</strong></span> <span class='ocrx_word' id='word_1_12' title='bbox 1338 1161 1372 1169; x_wconf 89' lang='grc'>-</span> 
     </span>
    </p>
   </div>
   <div class='ocr_carea' id='block_1_3' title="bbox 337 1339 1463 3921">
    <p class='ocr_par' dir='ltr' id='par_1_3' title="bbox 337 1339 1458 2408">
     <span class='ocr_line' id='line_1_4' title="bbox 382 1339 1457 1430; baseline -0.005 -19"><span class='ocrx_word' id='word_1_13' title='bbox 382 1343 470 1412; x_wconf 81' lang='lat' dir='ltr'><strong>Cum</strong></span> <span class='ocrx_word' id='word_1_14' title='bbox 500 1343 536 1410; x_wconf 91' lang='lat' dir='ltr'><strong>in</strong></span> <span class='ocrx_word' id='word_1_15' title='bbox 563 1340 813 1430; x_wconf 84' lang='lat' dir='ltr'><strong>conquirendis</strong></span> <span class='ocrx_word' id='word_1_16' title='bbox 837 1339 994 1408; x_wconf 86' lang='lat' dir='ltr'><strong>fontibus</strong></span> <span class='ocrx_word' id='word_1_17' title='bbox 1017 1339 1183 1408; x_wconf 82' lang='lat' dir='ltr'><strong>historiae</strong></span> <span class='ocrx_word' id='word_1_18' title='bbox 1207 1340 1321 1408; x_wconf 91' lang='lat' dir='ltr'><strong>Ovidii</strong></span> <span class='ocrx_word' id='word_1_19' title='bbox 1344 1339 1457 1407; x_wconf 85' lang='lat' dir='ltr'><strong>exulis</strong></span> 
     </span>
     <span class='ocr_line' id='line_1_5' title="bbox 338 1464 1457 1553; baseline -0.004 -17"><span class='ocrx_word' id='word_1_20' title='bbox 338 1468 612 1537; x_wconf 87' lang='lat' dir='ltr'><strong>discernendum</strong></span> <span class='ocrx_word' id='word_1_21' title='bbox 647 1472 787 1534; x_wconf 83' lang='lat' dir='ltr'><strong>lantum</strong></span> <span class='ocrx_word' id='word_1_22' title='bbox 820 1466 865 1532; x_wconf 87' lang='lat' dir='ltr'><strong>sit</strong></span> <span class='ocrx_word' id='word_1_23' title='bbox 888 1471 1007 1532; x_wconf 88' lang='lat' dir='ltr'><strong>utrum</strong></span> <span class='ocrx_word' id='word_1_24' title='bbox 1033 1465 1164 1553; x_wconf 81' lang='lat' dir='ltr'><strong>scripta</strong></span> <span class='ocrx_word' id='word_1_25' title='bbox 1187 1464 1232 1532; x_wconf 90' lang='lat' dir='ltr'><strong>ab</strong></span> <span class='ocrx_word' id='word_1_26' title='bbox 1255 1466 1330 1553; x_wconf 90' lang='lat' dir='ltr'><strong>ipso</strong></span> <span class='ocrx_word' id='word_1_27' title='bbox 1354 1473 1457 1553; x_wconf 88' lang='lat' dir='ltr'><strong>poeta</strong></span> 
     </span>
     <span class='ocr_line' id='line_1_6' title="bbox 338 1590 1456 1679; baseline -0.005 -17"><span class='ocrx_word' id='word_1_28' title='bbox 338 1595 431 1662; x_wconf 89' lang='lat' dir='ltr'><strong>edita</strong></span> <span class='ocrx_word' id='word_1_29' title='bbox 454 1594 525 1662; x_wconf 89' lang='lat' dir='ltr'><strong>sint</strong></span> <span class='ocrx_word' id='word_1_30' title='bbox 547 1611 670 1675; x_wconf 89' lang='lat' dir='ltr'><strong>necne,</strong></span> <span class='ocrx_word' id='word_1_31' title='bbox 695 1591 893 1660; x_wconf 81' lang='lat' dir='ltr'>Senecae</span> <span class='ocrx_word' id='word_1_32' title='bbox 915 1591 1073 1658; x_wconf 86' lang='lat' dir='ltr'><strong>miserias</strong></span> <span class='ocrx_word' id='word_1_33' title='bbox 1085 1590 1317 1677; x_wconf 85' lang='lat' dir='ltr'><strong>cognoscendi</strong></span> <span class='ocrx_word' id='word_1_34' title='bbox 1329 1590 1456 1679; x_wconf 85' lang='lat' dir='ltr'><strong>cupido</strong></span> 
     </span>
     <span class='ocr_line' id='line_1_7' title="bbox 337 1714 1456 1788; baseline -0.007 0"><span class='ocrx_word' id='word_1_35' title='bbox 337 1719 407 1788; x_wconf 86' lang='lat' dir='ltr'><strong>alia</strong></span> <span class='ocrx_word' id='word_1_36' title='bbox 437 1717 642 1787; x_wconf 77' lang='lat' dir='ltr'><strong>extricando</strong></span> <span class='ocrx_word' id='word_1_37' title='bbox 673 1722 726 1785; x_wconf 89' lang='lat' dir='ltr'><strong>est</strong></span> <span class='ocrx_word' id='word_1_38' title='bbox 753 1714 952 1784; x_wconf 84' lang='lat' dir='ltr'><strong>difficultas.</strong></span> <span class='ocrx_word' id='word_1_39' title='bbox 978 1714 1224 1784; x_wconf 86' lang='lat' dir='ltr'><strong>Recentiorum</strong></span> <span class='ocrx_word' id='word_1_40' title='bbox 1248 1714 1342 1782; x_wconf 90' lang='lat' dir='ltr'><strong>enim</strong></span> <span class='ocrx_word' id='word_1_41' title='bbox 1368 1734 1456 1781; x_wconf 88' lang='lat' dir='ltr'><strong>non·</strong></span> 
     </span>
     <span class='ocr_line' id='line_1_8' title="bbox 338 1839 1456 1931; baseline -0.004 -20"><span class='ocrx_word' id='word_1_42' title='bbox 338 1843 425 1912; x_wconf 92' lang='lat' dir='ltr'><strong>nulli</strong></span> <span class='ocrx_word' id='word_1_43' title='bbox 459 1842 537 1911; x_wconf 90' lang='lat' dir='ltr'><strong>illos</strong></span> <span class='ocrx_word' id='word_1_44' title='bbox 571 1842 664 1931; x_wconf 88' lang='lat' dir='ltr'><strong>ipsos</strong></span> <span class='ocrx_word' id='word_1_45' title='bbox 699 1840 818 1920; x_wconf 81' lang='lat' dir='ltr'><strong>libros,</strong></span> <span class='ocrx_word' id='word_1_46' title='bbox 853 1840 914 1928; x_wconf 91' lang='lat' dir='ltr'><strong>qui</strong></span> <span class='ocrx_word' id='word_1_47' title='bbox 951 1839 1143 1928; x_wconf 84' lang='lat' dir='ltr'><strong>plurimum</strong></span> <span class='ocrx_word' id='word_1_48' title='bbox 1178 1840 1303 1907; x_wconf 87' lang='lat' dir='ltr'><strong>studiis</strong></span> <span class='ocrx_word' id='word_1_49' title='bbox 1327 1840 1456 1909; x_wconf 88' lang='lat' dir='ltr'><strong>uostris</strong></span> 
     </span>
     <span class='ocr_line' id='line_1_9' title="bbox 340 1963 1458 2056; baseline -0.005 -20"><span class='ocrx_word' id='word_1_50' title='bbox 340 1967 503 2056; x_wconf 85' lang='lat' dir='ltr'>prodesse</span> <span class='ocrx_word' id='word_1_51' title='bbox 527 1969 734 2056; x_wconf 85' lang='lat' dir='ltr'><strong>potuissent,</strong></span> <span class='ocrx_word' id='word_1_52' title='bbox 762 1965 895 2035; x_wconf 71' lang='grc' dir='ltr'><strong><em>νοθείας</em></strong></span> <span class='ocrx_word' id='word_1_53' title='bbox 918 1965 1035 2032; x_wconf 88' lang='lat' dir='ltr'><strong>inusto</strong></span> <span class='ocrx_word' id='word_1_54' title='bbox 1048 1964 1301 2052; x_wconf 85' lang='lat' dir='ltr'><strong>signoinutiles</strong></span> <span class='ocrx_word' id='word_1_55' title='bbox 1313 1963 1458 2030; x_wconf 88' lang='lat' dir='ltr'><strong>investi-</strong></span> 
     </span>
     <span class='ocr_line' id='line_1_10' title="bbox 338 2087 1457 2181; baseline -0.004 -22"><span class='ocrx_word' id='word_1_56' title='bbox 338 2092 451 2181; x_wconf 86' lang='lat' dir='ltr'><strong>gatori</strong></span> <span class='ocrx_word' id='word_1_57' title='bbox 497 2090 644 2159; x_wconf 82' lang='lat' dir='ltr'>reddere</span> <span class='ocrx_word' id='word_1_58' title='bbox 691 2091 807 2160; x_wconf 89' lang='lat' dir='ltr'><strong>conati</strong></span> <span class='ocrx_word' id='word_1_59' title='bbox 842 2095 935 2158; x_wconf 89' lang='lat' dir='ltr'><strong>sunt.</strong></span> <span class='ocrx_word' id='word_1_60' title='bbox 971 2087 1343 2157; x_wconf 77' lang='lat' dir='ltr'><strong>consolationem</strong></span> <span class='ocrx_word' id='word_1_61' title='bbox 1380 2087 1457 2156; x_wconf 92' lang='lat' dir='ltr'><strong>dico</strong></span> 
     </span>
     <span class='ocr_line' id='line_1_11' title="bbox 338 2211 1458 2303; baseline -0.001 -21"><span class='ocrx_word' id='word_1_62' title='bbox 338 2215 390 2283; x_wconf 85' lang='lat' dir='ltr'><strong>ad</strong></span> <span class='ocrx_word' id='word_1_63' title='bbox 426 2213 662 2303; x_wconf 88' lang='lat' dir='ltr'><strong>Polybium</strong></span> <span class='ocrx_word' id='word_1_64' title='bbox 705 2221 741 2283; x_wconf 90' lang='lat' dir='ltr'><strong>et</strong></span> <span class='ocrx_word' id='word_1_65' title='bbox 788 2215 937 2283; x_wconf 91' lang='lat' dir='ltr'><strong>Ludus</strong></span> <span class='ocrx_word' id='word_1_66' title='bbox 972 2214 1032 2302; x_wconf 93' lang='lat' dir='ltr'><strong>qui</strong></span> <span class='ocrx_word' id='word_1_67' title='bbox 1069 2211 1198 2281; x_wconf 88' lang='lat' dir='ltr'><strong>dicitnr</strong></span> <span class='ocrx_word' id='word_1_68' title='bbox 1232 2211 1283 2279; x_wconf 91' lang='lat' dir='ltr'><strong>de</strong></span> <span class='ocrx_word' id='word_1_69' title='bbox 1317 2223 1458 2282; x_wconf 88' lang='lat' dir='ltr'><strong>morte</strong></span> 
     </span>
     <span class='ocr_line' id='line_1_12' title="bbox 339 2338 532 2408; baseline -0.01 -1"><span class='ocrx_word' id='word_1_70' title='bbox 339 2338 532 2408; x_wconf 87' lang='lat' dir='ltr'><strong>Claudii.</strong></span> 
     </span>
    </p>

    <p class='ocr_par' dir='ltr' id='par_1_4' title="bbox 337 2461 1463 3921">
     <span class='ocr_line' id='line_1_13' title="bbox 386 2461 1460 2552; baseline -0.003 -21"><span class='ocrx_word' id='word_1_71' title='bbox 386 2463 531 2534; x_wconf 90' lang='lat' dir='ltr'><strong>Librum</strong></span> <span class='ocrx_word' id='word_1_72' title='bbox 556 2464 656 2532; x_wconf 92' lang='lat' dir='ltr'><strong>illum</strong></span> <span class='ocrx_word' id='word_1_73' title='bbox 681 2464 869 2532; x_wconf 88' lang='lat' dir='ltr'><strong>Diderot</strong></span> <span class='ocrx_word' id='word_1_74' title='bbox 892 2462 1067 2552; x_wconf 88' lang='lat' dir='ltr'><strong>(Oeuvres</strong></span> <span class='ocrx_word' id='word_1_75' title='bbox 1083 2462 1183 2530; x_wconf 90' lang='lat' dir='ltr'><strong>Paris</strong></span> <span class='ocrx_word' id='word_1_76' title='bbox 1202 2461 1460 2531; x_wconf 77' lang='lat' dir='ltr'><strong>l819Tom.VI</strong></span> 
     </span>
     <span class='ocr_line' id='line_1_14' title="bbox 338 2588 1457 2678; baseline -0.002 -22"><span class='ocrx_word' id='word_1_77' title='bbox 338 2588 432 2673; x_wconf 72' lang='lat'><strong>258),</strong></span> <span class='ocrx_word' id='word_1_78' title='bbox 468 2590 576 2657; x_wconf 90' lang='lat' dir='ltr'><strong>nimia</strong></span> <span class='ocrx_word' id='word_1_79' title='bbox 611 2596 793 2678; x_wconf 86' lang='lat' dir='ltr'><strong>permotus</strong></span> <span class='ocrx_word' id='word_1_80' title='bbox 817 2588 969 2658; x_wconf 85' lang='lat' dir='ltr'>Senecae</span> <span class='ocrx_word' id='word_1_81' title='bbox 994 2588 1201 2670; x_wconf 84' lang='lat' dir='ltr'><strong>reverentia,</strong></span> <span class='ocrx_word' id='word_1_82' title='bbox 1227 2608 1457 2675; x_wconf 77' lang='lat' dir='ltr'><strong>magnacum</strong></span> 
     </span>
     <span class='ocr_line' id='line_1_15' title="bbox 338 2710 1460 2803; baseline -0.001 -23"><span class='ocrx_word' id='word_1_83' title='bbox 338 2714 580 2803; x_wconf 83' lang='lat' dir='ltr'><strong>indignatione</strong></span> <span class='ocrx_word' id='word_1_84' title='bbox 601 2715 803 2803; x_wconf 73' lang='lat' dir='ltr'><strong>asapiente</strong></span> <span class='ocrx_word' id='word_1_85' title='bbox 816 2715 912 2782; x_wconf 93' lang='lat' dir='ltr'><strong>omni</strong></span> <span class='ocrx_word' id='word_1_86' title='bbox 924 2713 1084 2802; x_wconf 86' lang='lat' dir='ltr'><strong>ignaviae</strong></span> <span class='ocrx_word' id='word_1_87' title='bbox 1098 2711 1175 2780; x_wconf 88' lang='lat' dir='ltr'><strong>labe</strong></span> <span class='ocrx_word' id='word_1_88' title='bbox 1188 2732 1292 2799; x_wconf 90' lang='lat' dir='ltr'><strong>quem</strong></span> <span class='ocrx_word' id='word_1_89' title='bbox 1308 2710 1460 2799; x_wconf 88' lang='lat' dir='ltr'><strong>putabat</strong></span> 
     </span>
     <span class='ocr_line' id='line_1_16' title="bbox 337 2836 1460 2925; baseline -0.001 -20"><span class='ocrx_word' id='word_1_90' title='bbox 337 2836 499 2922; x_wconf 86' lang='lat' dir='ltr'><strong>liberum,</strong></span> <span class='ocrx_word' id='word_1_91' title='bbox 525 2838 748 2916; x_wconf 88' lang='lat' dir='ltr'><strong>abiudicavit,</strong></span> <span class='ocrx_word' id='word_1_92' title='bbox 772 2859 793 2905; x_wconf 88' lang='lat' dir='ltr'><strong>a</strong></span> <span class='ocrx_word' id='word_1_93' title='bbox 817 2837 1071 2907; x_wconf 83' lang='lat' dir='ltr'><strong>calumniatore</strong></span> <span class='ocrx_word' id='word_1_94' title='bbox 1091 2836 1292 2904; x_wconf 86' lang='lat' dir='ltr'><strong>conlectum</strong></span> <span class='ocrx_word' id='word_1_95' title='bbox 1316 2841 1351 2903; x_wconf 84' lang='lat' dir='ltr'><strong>et</strong></span> <span class='ocrx_word' id='word_1_96' title='bbox 1376 2855 1460 2925; x_wconf 89' lang='lat' dir='ltr'><strong>sup-</strong></span> 
     </span>
     <span class='ocr_line' id='line_1_17' title="bbox 341 2959 1460 3051; baseline -0.002 -22"><span class='ocrx_word' id='word_1_97' title='bbox 341 2963 506 3050; x_wconf 80' lang='lat' dir='ltr'><strong>positum,</strong></span> <span class='ocrx_word' id='word_1_98' title='bbox 541 2963 736 3051; x_wconf 86' lang='lat' dir='ltr'><strong>genuinum</strong></span> <span class='ocrx_word' id='word_1_99' title='bbox 772 2964 942 3030; x_wconf 88' lang='lat' dir='ltr'><strong>amissum</strong></span> <span class='ocrx_word' id='word_1_100' title='bbox 977 2980 1052 3028; x_wconf 89' lang='lat' dir='ltr'><strong>esse</strong></span> <span class='ocrx_word' id='word_1_101' title='bbox 1087 2960 1315 3029; x_wconf 89' lang='lat' dir='ltr'><strong>contendens.</strong></span> <span class='ocrx_word' id='word_1_102' title='bbox 1347 2959 1460 3039; x_wconf 89' lang='lat' dir='ltr'><strong>Quem</strong></span> 
     </span>
     <span class='ocr_line' id='line_1_18' title="bbox 340 3084 1461 3176; baseline -0.003 -22"><span class='ocrx_word' id='word_1_103' title='bbox 340 3091 461 3176; x_wconf 88' lang='lat' dir='ltr'><strong>postea</strong></span> <span class='ocrx_word' id='word_1_104' title='bbox 496 3087 655 3155; x_wconf 91' lang='lat' dir='ltr'><strong>nonnulli</strong></span> <span class='ocrx_word' id='word_1_105' title='bbox 691 3087 803 3155; x_wconf 92' lang='lat' dir='ltr'><strong>secuti</strong></span> <span class='ocrx_word' id='word_1_106' title='bbox 837 3093 930 3154; x_wconf 90' lang='lat' dir='ltr'><strong>sunt.</strong></span> <span class='ocrx_word' id='word_1_107' title='bbox 979 3085 1115 3153; x_wconf 92' lang='lat' dir='ltr'><strong>Horum</strong></span> <span class='ocrx_word' id='word_1_108' title='bbox 1150 3091 1269 3152; x_wconf 90' lang='lat' dir='ltr'><strong>tamen</strong></span> <span class='ocrx_word' id='word_1_109' title='bbox 1306 3084 1461 3172; x_wconf 88' lang='lat' dir='ltr'><strong>opinioni</strong></span> 
     </span>
     <span class='ocr_line' id='line_1_19' title="bbox 339 3209 1458 3300; baseline -0.003 -23"><span class='ocrx_word' id='word_1_110' title='bbox 339 3211 587 3300; x_wconf 80' lang='lat' dir='ltr'><strong>gravissimum</strong></span> <span class='ocrx_word' id='word_1_111' title='bbox 623 3211 832 3279; x_wconf 86' lang='lat' dir='ltr'><strong>adversatur</strong></span> <span class='ocrx_word' id='word_1_112' title='bbox 868 3210 1120 3278; x_wconf 87' lang='lat' dir='ltr'><strong>testimonium.</strong></span> <span class='ocrx_word' id='word_1_113' title='bbox 1154 3209 1216 3276; x_wconf 88' lang='lat' dir='ltr'><strong>Dio</strong></span> <span class='ocrx_word' id='word_1_114' title='bbox 1240 3209 1335 3276; x_wconf 88' lang='lat' dir='ltr'><strong>enim</strong></span> <span class='ocrx_word' id='word_1_115' title='bbox 1362 3210 1458 3275; x_wconf 89' lang='lat' dir='ltr'><strong>varia</strong></span> 
     </span>
     <span class='ocr_line' id='line_1_20' title="bbox 340 3333 1461 3424; baseline -0.003 -22"><span class='ocrx_word' id='word_1_116' title='bbox 340 3336 376 3402; x_wconf 88' lang='lat' dir='ltr'><strong>in</strong></span> <span class='ocrx_word' id='word_1_117' title='bbox 402 3335 572 3404; x_wconf 84' lang='lat' dir='ltr'><strong>Senecam</strong></span> <span class='ocrx_word' id='word_1_118' title='bbox 597 3336 747 3405; x_wconf 91' lang='lat' dir='ltr'><strong>crimina</strong></span> <span class='ocrx_word' id='word_1_119' title='bbox 770 3333 1143 3424; x_wconf 82' lang='lat' dir='ltr'><strong>congerens-Suillii</strong></span> <span class='ocrx_word' id='word_1_120' title='bbox 1158 3333 1461 3402; x_wconf 86' lang='lat' dir='ltr'><strong>incriminationes</strong></span> 
     </span>
     <span class='ocr_line' id='line_1_21' title="bbox 342 3457 1462 3548; baseline -0.002 -22"><span class='ocrx_word' id='word_1_121' title='bbox 342 3458 435 3548; x_wconf 88' lang='lat' dir='ltr'><strong>apud</strong></span> <span class='ocrx_word' id='word_1_122' title='bbox 472 3458 624 3527; x_wconf 91' lang='lat' dir='ltr'><strong>Plinium</strong></span> <span class='ocrx_word' id='word_1_123' title='bbox 661 3467 955 3529; x_wconf 86' lang='lat' dir='ltr'><strong>commemoratas</strong></span> <span class='ocrx_word' id='word_1_124' title='bbox 978 3479 1060 3527; x_wconf 89' lang='lat' dir='ltr'><strong>cum</strong></span> <span class='ocrx_word' id='word_1_125' title='bbox 1086 3459 1266 3547; x_wconf 87' lang='lat' dir='ltr'><strong>repetiisse</strong></span> <span class='ocrx_word' id='word_1_126' title='bbox 1292 3457 1462 3526; x_wconf 87' lang='lat' dir='ltr'><strong>Gercke</strong></span> 
     </span>
     <span class='ocr_line' id='line_1_22' title="bbox 344 3582 1462 3672; baseline -0.005 -21"><span class='ocrx_word' id='word_1_127' title='bbox 344 3583 573 3672; x_wconf 89' lang='lat' dir='ltr'><strong>probabiliter</strong></span> <span class='ocrx_word' id='word_1_128' title='bbox 619 3585 875 3653; x_wconf 88' lang='lat' dir='ltr'><strong>demonstravit</strong></span> <span class='ocrx_word' id='word_1_129' title='bbox 916 3622 959 3633; x_wconf 96' lang='lat'>—</span> <span class='ocrx_word' id='word_1_130' title='bbox 1002 3584 1088 3653; x_wconf 86' lang='lat' dir='ltr'><strong>hacc</strong></span> <span class='ocrx_word' id='word_1_131' title='bbox 1123 3583 1246 3652; x_wconf 85' lang='lat' dir='ltr'><strong>habet:</strong></span> <span class='ocrx_word' id='word_1_132' title='bbox 1282 3582 1366 3645; x_wconf 80' lang='grc' dir='ltr'><strong><em>οὕτω</em></strong></span> <span class='ocrx_word' id='word_1_133' title='bbox 1404 3587 1462 3662; x_wconf 77' lang='grc' dir='ltr'><strong>τὴν</strong></span> 
     </span>
     <span class='ocr_line' id='line_1_23' title="bbox 342 3705 1461 3791; baseline 0.002 -20"><span class='ocrx_word' id='word_1_134' title='bbox 342 3707 557 3774; x_wconf 73' lang='grc' dir='ltr'><strong><em>Μεσσαλῖναν</em></strong></span> <span class='ocrx_word' id='word_1_135' title='bbox 585 3714 639 3773; x_wconf 76' lang='grc' dir='ltr'><strong>καὶ</strong></span> <span class='ocrx_word' id='word_1_136' title='bbox 671 3711 743 3782; x_wconf 80' lang='grc' dir='ltr'><strong>τούς</strong></span> <span class='ocrx_word' id='word_1_137' title='bbox 769 3717 823 3772; x_wconf 80' lang='grc' dir='ltr'><strong>τον</strong></span> <span class='ocrx_word' id='word_1_138' title='bbox 849 3706 1020 3774; x_wconf 78' lang='grc' dir='ltr'><strong><em>Κλαυδίου</em></strong></span> <span class='ocrx_word' id='word_1_139' title='bbox 1036 3705 1262 3791; x_wconf 71' lang='grc' dir='ltr'><strong>ἐξελευθέρους</strong></span> <span class='ocrx_word' id='word_1_140' title='bbox 1278 3711 1461 3789; x_wconf 68' lang='grc' dir='ltr'><strong><em>ἐθώπευον,</em></strong></span> 
     </span>
     <span class='ocr_line' id='line_1_24' title="bbox 341 3835 1463 3921; baseline -0.003 -18"><span class='ocrx_word' id='word_1_141' title='bbox 341 3835 419 3904; x_wconf 74' lang='grc' dir='ltr'><strong>ὥστε</strong></span> <span class='ocrx_word' id='word_1_142' title='bbox 456 3840 510 3900; x_wconf 66' lang='grc' dir='ltr'><strong>καὶ</strong></span> <span class='ocrx_word' id='word_1_143' title='bbox 545 3835 677 3921; x_wconf 79' lang='grc' dir='ltr'><strong><em>βιβλίον</em></strong></span> <span class='ocrx_word' id='word_1_144' title='bbox 719 3839 827 3917; x_wconf 80' lang='grc' dir='ltr'><strong><em>σφίσιν</em></strong></span> <span class='ocrx_word' id='word_1_145' title='bbox 872 3840 905 3900; x_wconf 79' lang='grc' dir='ltr'><strong>ἐκ</strong></span> <span class='ocrx_word' id='word_1_146' title='bbox 943 3845 997 3917; x_wconf 77' lang='grc' dir='ltr'><strong>τῆς</strong></span> <span class='ocrx_word' id='word_1_147' title='bbox 1029 3843 1126 3916; x_wconf 72' lang='grc' dir='ltr'><strong><em>νήσου</em></strong></span> <span class='ocrx_word' id='word_1_148' title='bbox 1150 3835 1278 3916; x_wconf 78' lang='grc' dir='ltr'><strong><em>πέμψαι</em></strong></span> <span class='ocrx_word' id='word_1_149' title='bbox 1305 3838 1463 3910; x_wconf 78' lang='grc' dir='ltr'><strong>ἐπαίνους</strong></span> 
     </span>
    </p>
   </div>
   <div class='ocr_carea' id='block_1_4' title="bbox 342 3961 1463 4052">
    <p class='ocr_par' dir='ltr' id='par_1_5' title="bbox 342 3961 1463 4052">
     <span class='ocr_line' id='line_1_25' title="bbox 342 3961 1463 4052; baseline 0.003 -24"><span class='ocrx_word' id='word_1_150' title='bbox 342 3965 451 4030; x_wconf 79' lang='grc' dir='ltr'><strong><em>αὐτῶν</em></strong></span> <span class='ocrx_word' id='word_1_151' title='bbox 465 3966 540 4048; x_wconf 73' lang='grc' dir='ltr'><strong><em>ἕχον</em></strong></span> <span class='ocrx_word' id='word_1_152' title='bbox 555 3967 581 4044; x_wconf 88' lang='grc' dir='ltr'><strong>,ὃ</strong></span> <span class='ocrx_word' id='word_1_153' title='bbox 593 3968 673 4046; x_wconf 77' lang='grc' dir='ltr'><strong>μετὰ</strong></span> <span class='ocrx_word' id='word_1_154' title='bbox 683 3963 1007 4048; x_wconf 62' lang='grc' dir='ltr'><strong><em>ταῦταὺπάἷσχιίνης</em></strong></span> <span class='ocrx_word' id='word_1_155' title='bbox 1016 3961 1199 4044; x_wconf 72' lang='grc' dir='ltr'><strong><em>ἀπήλειψεν</em></strong></span> <span class='ocrx_word' id='word_1_156' title='bbox 1213 3963 1292 4052; x_wconf 78' lang='lat' dir='ltr'><strong>(llio</strong></span> <span class='ocrx_word' id='word_1_157' title='bbox 1302 3964 1463 4050; x_wconf 74' lang='grc'>61,10.2).</span> 
     </span>
    </p>
   </div>
   <div class='ocr_carea' id='block_1_5' title="bbox 341 4088 1465 4556">
    <p class='ocr_par' dir='ltr' id='par_1_6' title="bbox 341 4088 1465 4556">
     <span class='ocr_line' id='line_1_26' title="bbox 345 4088 1463 4182; baseline -0.005 -20"><span class='ocrx_word' id='word_1_158' title='bbox 345 4093 551 4162; x_wconf 86' lang='lat' dir='ltr'><strong>Evidentius</strong></span> <span class='ocrx_word' id='word_1_159' title='bbox 587 4113 694 4182; x_wconf 90' lang='lat' dir='ltr'><strong>qnam</strong></span> <span class='ocrx_word' id='word_1_160' title='bbox 731 4093 786 4161; x_wconf 93' lang='lat' dir='ltr'><strong>his</strong></span> <span class='ocrx_word' id='word_1_161' title='bbox 822 4091 937 4161; x_wconf 91' lang='lat' dir='ltr'><strong>verbis</strong></span> <span class='ocrx_word' id='word_1_162' title='bbox 971 4092 1162 4160; x_wconf 88' lang='lat' dir='ltr'><strong>consolatio</strong></span> <span class='ocrx_word' id='word_1_163' title='bbox 1197 4091 1241 4157; x_wconf 91' lang='lat' dir='ltr'><strong>ad</strong></span> <span class='ocrx_word' id='word_1_164' title='bbox 1278 4088 1463 4178; x_wconf 88' lang='lat' dir='ltr'><strong>Polybium</strong></span> 
     </span>
     <span class='ocr_line' id='line_1_27' title="bbox 341 4214 1463 4306; baseline -0.004 -20"><span class='ocrx_word' id='word_1_165' title='bbox 341 4219 517 4306; x_wconf 82' lang='lat' dir='ltr'><strong>designari</strong></span> <span class='ocrx_word' id='word_1_166' title='bbox 553 4219 609 4285; x_wconf 83' lang='lat' dir='ltr'><strong>rix</strong></span> <span class='ocrx_word' id='word_1_167' title='bbox 646 4223 769 4306; x_wconf 83' lang='lat' dir='ltr'><strong>potest,</strong></span> <span class='ocrx_word' id='word_1_168' title='bbox 806 4238 888 4285; x_wconf 89' lang='lat' dir='ltr'><strong>nam</strong></span> <span class='ocrx_word' id='word_1_169' title='bbox 922 4217 1129 4284; x_wconf 88' lang='lat' dir='ltr'><strong>Messalinae</strong></span> <span class='ocrx_word' id='word_1_170' title='bbox 1153 4215 1286 4298; x_wconf 90' lang='lat' dir='ltr'><strong>laudes,</strong></span> <span class='ocrx_word' id='word_1_171' title='bbox 1310 4234 1401 4303; x_wconf 87' lang='lat' dir='ltr'><strong>quae</strong></span> <span class='ocrx_word' id='word_1_172' title='bbox 1427 4214 1463 4281; x_wconf 94' lang='lat' dir='ltr'><strong>in</strong></span> 
     </span>
     <span class='ocr_line' id='line_1_28' title="bbox 345 4339 1465 4431; baseline -0.004 -20"><span class='ocrx_word' id='word_1_173' title='bbox 345 4341 592 4426; x_wconf 86' lang='lat' dir='ltr'><strong>consolatione,</strong></span> <span class='ocrx_word' id='word_1_174' title='bbox 616 4341 757 4431; x_wconf 87' lang='lat' dir='ltr'><strong>qualem</strong></span> <span class='ocrx_word' id='word_1_175' title='bbox 784 4341 965 4426; x_wconf 70' lang='lat' dir='ltr'><strong>babemus</strong></span> <span class='ocrx_word' id='word_1_176' title='bbox 989 4361 1060 4409; x_wconf 91' lang='lat' dir='ltr'><strong>non</strong></span> <span class='ocrx_word' id='word_1_177' title='bbox 1086 4346 1236 4423; x_wconf 81' lang='lat' dir='ltr'><strong>exstant,</strong></span> <span class='ocrx_word' id='word_1_178' title='bbox 1251 4339 1327 4407; x_wconf 89' lang='lat' dir='ltr'><strong>lieri</strong></span> <span class='ocrx_word' id='word_1_179' title='bbox 1340 4344 1465 4428; x_wconf 84' lang='lat' dir='ltr'><strong>potest,</strong></span> 
     </span>
     <span class='ocr_line' id='line_1_29' title="bbox 344 4463 1464 4556; baseline -0.004 -22"><span class='ocrx_word' id='word_1_180' title='bbox 344 4473 484 4536; x_wconf 83' lang='lat' dir='ltr'><strong>uicum</strong></span> <span class='ocrx_word' id='word_1_181' title='bbox 510 4467 626 4556; x_wconf 89' lang='lat' dir='ltr'><strong>priore</strong></span> <span class='ocrx_word' id='word_1_182' title='bbox 650 4466 755 4535; x_wconf 90' lang='lat' dir='ltr'><strong>libelli</strong></span> <span class='ocrx_word' id='word_1_183' title='bbox 781 4472 878 4555; x_wconf 86' lang='lat' dir='ltr'><strong>parte</strong></span> <span class='ocrx_word' id='word_1_184' title='bbox 905 4466 1081 4554; x_wconf 88' lang='lat' dir='ltr'><strong>perierint.</strong></span> <span class='ocrx_word' id='word_1_185' title='bbox 1111 4463 1464 4533; x_wconf 84' lang='lat' dir='ltr'><strong>Difficultatistamen</strong></span> 
     </span>
    </p>
   </div>
   <div class='ocr_carea' id='block_1_6' title="bbox 0 0 1880 5518">
    <p class='ocr_par' dir='ltr' id='par_1_7' title="bbox 0 0 1880 5518">
     <span class='ocr_line' id='line_1_30' title="bbox 0 0 1880 5518; baseline 0 0"><span class='ocrx_word' id='word_1_186' title='bbox 0 0 1880 5518; x_wconf 95' lang='lat' dir='ltr'><strong> </strong></span> 
     </span>
    </p>
   </div>
  </div>
 </body>
</html>
