3778 5488
927 650 993 718 252

558 847 606 906 Sie
626 852 726 907 temen
748 847 872 909 sbsume
894 849 1068 930 deeipieque
1089 849 1178 923 diem,
1200 869 1224 911 e.
1247 869 1276 928 q.
1297 871 1320 911 s.

1196 950 1248 1027 (ib.
1273 951 1380 1009 10.112
1401 954 1478 1028 sqq.)

518 1061 576 1120 Tol
596 1062 675 1122 msle
695 1062 881 1141 pertulimus,
903 1081 1030 1141 quorum
1053 1064 1199 1124 medicine
1218 1065 1364 1143 quiesque

558 1177 651 1237 Nulls
671 1179 728 1238 uisi
749 1179 781 1238 iu
802 1178 900 1239 studio
921 1186 966 1238 est
986 1180 1199 1258 Pieridumque
1221 1200 1322 1246 mors.
1336 1228 1341 1240 .
1355 1225 1383 1241 ..

520 1294 573 1353 list
592 1293 706 1371 aliquid
727 1293 818 1354 iulule
839 1294 950 1354 mulum
972 1313 1026 1373 per
1048 1297 1138 1355 verbu
1157 1295 1259 1357 lesere
1271 1343 1276 1356 .
1290 1341 1297 1355 .
1310 1343 1336 1356 ..

518 1410 655 1489 Denique
675 1410 759 1470 nullu
780 1410 853 1469 milri
873 1416 1010 1489 dupletur
1030 1411 1126 1489 gloria
1147 1431 1284 1490 quaeque

557 1527 684 1603 Ingenio
704 1528 840 1587 stimulos
860 1525 988 1586 subdere
1009 1526 1090 1586 lame
1110 1528 1196 1588 solet.

517 1643 664 1702 Nolumus
684 1642 812 1704 sssiduis
831 1643 965 1702 ssimum
985 1644 1137 1703 lsbeseere
1157 1644 1247 1714 euris,

557 1760 642 1830 Quse
661 1764 761 1819 tumen
782 1759 959 1838 inrumpunt
978 1777 1097 1838 quoque
1120 1765 1259 1820 velantur
1279 1765 1359 1820 euni.

518 1875 579 1936 (lur
598 1875 736 1950 seribum,
757 1874 860 1951 doeui3
881 1895 934 1936 eur
955 1876 1082 1953 mittum,
1102 1877 1256 1954 quaeritis,
1278 1877 1356 1935 isto?

559 1991 718 2051 Vobiscum
739 1991 826 2069 eupie
846 1991 980 2068 quolibet
1000 2009 1064 2051 esse
1086 1993 1181 2052 modo.

994 2091 1057 2168 (Tr.
1079 2091 1108 2149 V
1130 2093 1196 2150 133
1218 2109 1272 2168 sq„
1294 2089 1477 2167 59,ῗ5-80)

519 2205 708 2266 (lsrmiuibss
728 2225 840 2283 qusero
863 2207 1036 2266 miserarum
1058 2207 1171 2266 oblivis
1190 2224 1306 2266 rerum:

558 2323 697 2382 Prsemiu
716 2323 741 2394 ei
762 2321 861 2382 studio
882 2340 1046 2399 consequar
1066 2323 1134 2398 isis,
1156 2327 1202 2381 sut
1223 2326 1276 2382 est.

862 2420 913 2495 (ib.
937 2422 1004 2481 ‘ld‘l
1027 2439 1070 2498 sq.
1092 2419 1128 2480 el.
1151 2422 1279 2498 37-40,
1302 2420 1339 2480 65
1362 2425 1419 2498 sq.)
1440 2455 1477 2464 -

516 2536 567 2595 Nil
589 2536 663 2595 mihi
683 2535 811 2596 debebat
830 2555 898 2596 eum
920 2535 1056 2596 versibus
1075 2537 1205 2614 emplius
1224 2555 1307 2596 esse.

557 2695 564 2710 .
577 2695 585 2711 .
597 2695 605 2711 .
618 2698 623 2711 .
636 2652 661 2711 si
682 2650 804 2711 demens
824 2651 956 2711 studium
977 2651 1068 2711 falsie
1090 2656 1264 2730 retemptem
1279 2700 1285 2713 .
1299 2697 1305 2710 .
1318 2696 1345 2712 ..

517 2768 579 2827 Nee
599 2772 699 2827 lemen
721 2772 754 2827 ut
777 2786 881 2827 rerum
902 2767 999 2828 fatear
1018 2767 1084 2845 tibi,
1105 2773 1207 2827 nostru
1227 2769 1323 2827 teneri

558 2884 586 2941 A
605 2882 808 2960 eompeueudo
829 2885 961 2943 esrmine
982 2884 1068 2944 lluss
1089 2889 1193 2962 polest.

1097 2983 1150 3057 (ib.
1174 2983 1270 3052 1249,
1292 2981 1341 3052 51,
1362 2981 1400 3042 59
1421 2994 1478 3059 sq.)

442 3114 480 3182 ln
516 3115 672 3184 carmine
708 3135 750 3183 ex
786 3113 822 3183 l‘.
857 3115 873 3183 Ι
907 3115 930 3182 5
965 3135 1044 3183 vere
1081 3116 1182 3198 tristi,
1207 3135 1288 3184 uum
1316 3121 1430 3203 poete,
1454 3115 1515 3203 qui

395 3241 532 3309 iuvenis
555 3246 662 3328 alque
688 3241 740 3308 vir
762 3246 798 3308 et
820 3238 995 3308 delectare
1018 3240 1106 3310 alios
1129 3246 1165 3308 et
1188 3240 1254 3308 sibi
1273 3239 1437 3329 prodesse
1450 3239 1515 3308 sibi

397 3367 492 3434 visus
514 3371 577 3448 est,
602 3384 708 3433 senex
732 3365 803 3432 iam
827 3363 942 3432 laetus
965 3384 1081 3452 neque
1105 3364 1280 3434 delectare
1304 3384 1419 3453 neque
1433 3385 1515 3453 pro-

397 3489 501 3559 ficere
535 3510 573 3557 se
609 3509 709 3579 posse
747 3488 848 3570 videt,
885 3489 1090 3578 pronuntiat
1117 3509 1153 3557 se
1177 3489 1330 3558 scribere
1355 3489 1515 3557 desinere

396 3635 466 3683 non
502 3635 613 3704 posse,
648 3615 728 3683 lieet
763 3613 893 3682 scribat
928 3614 1060 3697 „invita
1098 3615 1223 3703 vixque
1257 3620 1380 3683 coacte
1408 3635 1514 3683 manu

397 3743 461 3825 (vs.
508 3739 598 3824 10)‚”
644 3745 680 3807 et
721 3740 887 3807 insenum
929 3759 1070 3807 servare
1113 3760 1182 3808 non
1230 3739 1315 3808 utile
1358 3741 1514 3809 studium

397 3863 454 3953 (31
480 3885 543 3954 sq..
567 3863 636 3949 41),
659 3885 742 3933 uam

516 4008 594 4080 Quid
615 4009 713 4086 potius
733 4009 862 4068 lueisml
882 4027 942 4067 uon
964 4027 1029 4068 sum
1052 4009 1104 4086 qui
1125 4010 1229 4087 segnia
1249 4008 1354 4069 dueum

556 4126 639 4185 otia:
663 4144 740 4185 mors
761 4125 847 4184 uobis
868 4134 984 4202 tempus
1007 4124 1133 4184 hebetur
1154 4127 1243 4186 iners.

516 4243 578 4302 Nee
599 4243 684 4301 iuret
704 4242 734 4301 iu
756 4241 851 4301 lueem
874 4242 966 4301 nimio
989 4259 1168 4301 mureeseere
1190 4243 1270 4311 rino,

555 4357 618 4417 Nee
638 4361 720 4416 leuel
741 4357 869 4418 ineertus
889 4357 955 4417 ales
978 4358 1087 4417 blsudu
1111 4376 1224 4418 munus.
