3778 5488
859 685 923 754 181

330 884 504 972 promissa
515 883 573 972 (ed
589 884 660 954 Att.
673 884 721 953 ΙΙΙ
730 882 1068 973 19.2).’'Rogationis
1078 906 1286 975 veroquam
1296 884 1449 954 Sestium

332 1008 459 1080 habere
482 1009 518 1075 in
542 1009 661 1078 animo
683 1009 860 1078 scribebat
884 1009 1032 1092 Atticus,
1058 1016 1177 1079 textus
1199 1009 1358 1080 Ciceroni
1379 1029 1448 1078 non

330 1132 507 1222 placebat:
543 1132 711 1220 „Rogatio
746 1134 848 1203 Sestii
883 1153 997 1223 neque
1032 1134 1212 1223 dignitatis
1236 1136 1320 1203 satis
1344 1133 1450 1202 babet

330 1277 395 1325 neo
429 1258 611 1326 cautionis.
648 1257 739 1328 Nam
773 1268 809 1328 et
844 1261 1051 1329 nominatim
1076 1259 1162 1328 ferri
1186 1264 1325 1348 oportet
1347 1266 1383 1328 et
1405 1258 1449 1327 do

332 1380 431 1462 bonis
463 1380 666 1470 diligentius
699 1383 805 1453 scribi
840 1384 900 1473 (ad
937 1385 1008 1453 Att.
1033 1384 1081 1452 III
1111 1383 1216 1472 203).
1240 1384 1320 1463 Sed,
1343 1384 1372 1452 si
1396 1391 1449 1452 est

329 1505 461 1594 aliquid
497 1505 532 1573 in
568 1525 640 1595 spe,
676 1507 754 1575 vide
789 1506 914 1596 legem,
949 1528 1055 1597 quam
1091 1507 1129 1577 Τ.
1166 1508 1273 1577 Fadio
1308 1509 1448 1597 scripsit

330 1629 510 1699 Visellius:
544 1649 587 1699 ea
622 1631 708 1699 mihi
741 1630 929 1721 perplacet.
954 1631 1044 1701 Nam
1069 1631 1172 1702 Sestii
1194 1633 1316 1717 nostri,
1340 1654 1448 1724 quam

329 1760 367 1824 tu
392 1755 455 1830 tibi
478 1755 621 1844 probari
644 1754 777 1838 scribis,
803 1755 888 1824 mihi
912 1777 981 1825 non
1007 1756 1121 1845 placet
1144 1755 1286 1847 (23.4).'’

374 1879 442 1952 Pro
465 1879 644 1949 Ciceronis
667 1879 780 1949 salute
804 1880 969 1950 tribunus
992 1881 1196 1971 designatus
1216 1883 1283 1951 iter
1302 1882 1345 1951 ad
1360 1882 1448 1953 Cae-

329 2024 444 2072 sarem
480 2006 634 2095 suscepit
669 2004 751 2094 (pro
786 2004 873 2075 Sest.
910 2005 967 2092 71)
999 2046 1039 2055 -
1064 2006 1193 2076 Caesar
1216 2013 1334 2076 autem
1359 2006 1445 2076 nihil

330 2129 490 2218 promisit
533 2171 586 2213 -,
620 2129 788 2199 tribunus
823 2128 934 2220 plebis
969 2130 1131 2220 plurimis
1165 2131 1369 2201 vulneribus
1403 2132 1449 2200 ab

329 2253 444 2344 operis
466 2251 643 2322 Clodianis
666 2253 832 2324 concisus
857 2261 910 2322 est
934 2253 996 2342 (ib.
1021 2253 1091 2336 79).
1114 2293 1159 2304 —-

372 2377 488 2456 Ceteri
529 2377 662 2448 tribuni
702 2384 842 2468 praeter
877 2379 1089 2447 sententiam
1124 2378 1233 2447 latam
1268 2378 1446 2450 Ciceronis

330 2502 435 2572 saluti
459 2503 546 2572 nihil
569 2503 781 2592 impendisse
805 2503 987 2588 videntum
1011 2503 1064 2571 sin
1089 2501 1192 2572 aliter
1214 2503 1349 2588 fuisset,
1373 2524 1443 2572 non

328 2635 382 2696 est
416 2627 575 2712 dubium,
610 2629 695 2717 quin
731 2635 851 2697 orator
880 2647 940 2697 cos
970 2648 1078 2718 supra
1101 2633 1197 2697 astra
1219 2628 1368 2697 tulisset.
1393 2628 1446 2697 lte

328 2753 421 2821 enim
458 2772 598 2842 semper
631 2759 703 2822 est:
727 2752 821 2822 exuli
845 2752 1003 2822 Ciceroni
1027 2753 1223 2822 amicorum
1247 2773 1304 2821 res
1326 2760 1446 2842 gestae

247 2937 249 2940 ,
328 2876 523 2965 displicent,
558 2877 679 2948 reduci
714 2878 825 2946 isdem
862 2877 975 2956 iactis,
1011 2897 1102 2965 quae
1135 2882 1241 2946 antee
1264 2896 1334 2947 ooo
1359 2879 1444 2947 setis

328 3000 548 3091 placuerunt,
574 3003 628 3070 vel
653 3003 805 3071 maxima
840 3002 917 3071 laus
930 3002 1212 3071 videturexilior.
1226 3001 1370 3070 Praeter
1382 3023 1446 3070 no-

329 3127 426 3195 mina
459 3134 579 3195 autem
616 3127 702 3196 haec
736 3129 779 3196 de
810 3128 852 3195 iis
876 3128 1116 3196 innotuerunt.
1142 3125 1182 3206 Q.
1205 3125 1446 3196 Fabricius

327 3255 363 3319 et
387 3251 433 3334 111.
458 3250 647 3340 Cispius,
670 3271 752 3320 oum
777 3251 820 3320 de
844 3251 957 3319 reditu
981 3250 1158 3320 Ciceronis
1169 3249 1282 3338 legem
1299 3249 1445 3334 ferrent,

328 3374 373 3443 ab
396 3377 511 3465 operis
535 3374 712 3445 Clodianis
736 3375 827 3465 pulsi
847 3382 934 3444 sunt
958 3376 1038 3465 (pro
1062 3374 1149 3445 Sest.
1164 3375 1208 3443 75
1219 3395 1281 3462 sq,
1295 3395 1358 3464 pro
1372 3374 1443 3444 Mil.

326 3497 396 3586 38).
422 3499 460 3567 Τ.
484 3499 650 3568 Fadius
674 3498 843 3584 Gallus,
867 3501 928 3589 qui
952 3499 1111 3570 Ciceroni
1132 3500 1267 3570 consuli
1279 3505 1446 3590 quaestor

327 3623 454 3707 iuerat,
478 3624 515 3694 C.
540 3622 721 3693 Visellium
752 3624 944 3694 Varronem
969 3624 1054 3694 adiit
1074 3634 1182 3714 atque
1201 3623 1246 3693 ab
1266 3644 1308 3693 eo
1325 3644 1444 3692 exem-

327 3747 425 3836 plum
461 3748 547 3836 legis
581 3748 624 3816 de
656 3749 771 3817 reditu
796 3749 941 3839 accepit,
965 3770 1056 3837 quae
1080 3748 1239 3819 Ciceroni
1265 3748 1445 3838 perplace-

328 3871 388 3941 bat
411 3873 470 3960 (ad
497 3873 567 3942 Att.
597 3871 646 3940 111
668 3871 746 3941 234
769 3873 826 3943 cit.
839 3873 973 3962 supra).
988 3873 1090 3943 Hunc
1102 3873 1176 3963 ipse
1189 3873 1310 3944 Cicero
1324 3879 1444 3962 postea

326 3997 529 4066 exulantem
564 3996 764 4067 consolatus
798 4004 852 4066 est
885 3997 945 4084 (ad
981 3997 1004 4065 f.
1037 3997 1066 4066 V
1096 3997 1165 4084 18).
1189 3997 1225 4067 C.
1251 3997 1443 4066 Messius

328 4121 472 4212 Pompei
505 4122 646 4192 satelles
680 4130 767 4204 erat,
793 4129 832 4192 ut
855 4130 1003 4212 apparot
1026 4144 1069 4191 ex
1093 4123 1180 4211 lege,
1204 4142 1311 4211 quam
1337 4123 1442 4212 paulo

326 4255 406 4336 post
440 4247 678 4337 promulgavit
712 4247 804 4335 (Vid.
829 4247 871 4316 ad
897 4247 969 4317 Att.
994 4247 1039 4316 IV
1063 4246 1128 4315 l.7.
1151 4246 1203 4316 Cf.
1226 4245 1272 4315 ib.
1298 4247 1375 4316 Vlll
1399 4245 1439 4315 11

325 4371 358 4440 (1.
383 4371 430 4461 2).
457 4411 496 4442 τ-
