3792 5486
1015 733 1082 801 llo

485 931 674 1019 septimum
711 930 837 1020 agebat
866 951 1001 999 annum
1019 930 1059 1019 ¹).
1082 928 1264 998 Tredeeim
1290 950 1402 998 annos
1425 935 1547 998 natam
1573 928 1599 998 Ο

483 1055 601 1124 Pisoni
636 1056 743 1145 Frugi
773 1076 851 1123 eam
875 1055 1060 1144 despondit
1083 1055 1141 1142 (ad
1166 1056 1238 1124 Ati.
1263 1055 1277 1123 I
1300 1053 1384 1144 33),
1407 1057 1466 1124 cui
1490 1074 1601 1144 usque

483 1181 526 1249 ad
553 1186 702 1250 mortem
726 1181 802 1249 eius
826 1221 864 1230 -
890 1180 976 1250 obiit
998 1187 1118 1249 autem
1130 1179 1297 1250 Cicerone
1309 1180 1600 1250 exule—iuncta

484 1306 561 1375 fnit.
596 1306 717 1377 Cicero
751 1307 914 1386 Tulliam,
949 1306 1112 1395 quamvis
1146 1306 1347 1394 complures
1381 1326 1494 1374 annos
1528 1305 1597 1374 iam

485 1438 644 1521 nuptam,
675 1452 815 1521 semper
839 1431 1005 1515 „filiolam
1029 1432 1269 1502 carissimam’'
1295 1431 1354 1517 (ad
1380 1431 1404 1500 l.
1427 1430 1505 1500 XIV
1530 1429 1600 1518 ⁴ld)

484 1556 590 1625 habet
625 1563 745 1646 utpote
781 1556 888 1625 filiam
924 1578 1018 1645 „qua
1053 1558 1193 1646 pietate,
1230 1577 1301 1647 qua
1326 1555 1506 1640 modestia,
1531 1575 1600 1644 quo

483 1682 641 1770 ingenio!
676 1681 828 1772 effigiem
864 1683 945 1766 oris
979 1683 1163 1762 sermonis
1192 1677 1598 1769 animilsui)1'’(adQ.

482 1806 525 1875 fr.
549 1807 565 1874 l
587 1805 670 1896 33).
693 1805 818 1896 Itaque
829 1812 971 1890 sortem,
984 1827 1054 1894 qua
1065 1805 1126 1874 illa
1138 1805 1268 1875 afflicta
1279 1811 1342 1889 est,
1355 1804 1597 1894 gravissimam

483 1931 519 1999 in
545 1931 693 2025 miseriis
716 1931 789 2000 suis
811 1931 1035 2000 vehementer
1058 1930 1303 2020 conqueritur:
1325 1928 1437 2016 „Quid
1451 1928 1600 1999 Tulliola

486 2077 563 2125 mea
587 2056 670 2125 lietl
693 2057 763 2124 iam
787 2057 822 2124 id
848 2077 908 2126 vos
932 2055 1063 2138 videte3
1087 2055 1173 2124 mihi
1196 2055 1294 2124 deest
1316 2055 1512 2125 consilium.
1533 2053 1598 2122 Sed

483 2186 589 2264 certe,
602 2201 744 2270 quoquo
758 2180 861 2250 modo
873 2201 910 2249 se
922 2200 979 2249 res
992 2179 1144 2262 habebit,
1156 2179 1250 2248 illius
1264 2179 1417 2248 misellae
1429 2184 1465 2247 et
1478 2181 1599 2248 matri·

484 2307 601 2375 monio
635 2311 671 2374 et
704 2305 820 2374 lamae
856 2305 1078 2374 serviendum
1114 2309 1169 2373 est
1203 2304 1295 2391 (eius
1329 2303 1401 2372 doti
1424 2309 1460 2372 et
1482 2303 1598 2373 famae

483 2451 520 2499 se
543 2430 688 2499 absente
711 2430 832 2500 Cicero
855 2428 1012 2498 timebat.
1037 2429 1286 2518 Manutius)
1311 2428 1370 2508 (ad
1389 2426 1597 2516 cxlvuss).

487 2555 537 2623 Ad
572 2561 607 2623 te
638 2554 829 2641 (Terentia)
863 2574 943 2623 vero
974 2559 1009 2622 et
1039 2553 1083 2622 ad
1114 2559 1272 2621 nostram
1307 2552 1492 2622 Tulliolam
1527 2572 1597 2622 non

483 2699 574 2769 queo
605 2679 680 2746 sine
712 2679 872 2768 plurimis
902 2677 1057 2747 lacrimis
1088 2676 1261 2760 scribere;
1294 2697 1354 2746 vos
1378 2677 1471 2745 enim
1498 2676 1597 2746 video

481 2823 557 2870 esse
604 2803 830 2884 miserrimas,
873 2823 962 2890 quas
995 2822 1059 2891 ego
1095 2800 1314 2870 beatissimas
1348 2821 1488 2890 semper
1521 2821 1596 2870 esse

482 2927 576 2997 volui
599 2927 658 3014 (ib.
682 2927 762 3013 ίΖΛ).
797 2926 983 2995 Tulliolam
1008 2931 1175 3010 nostram,
1196 2945 1239 2993 ex
1263 2946 1333 3014 quo
1358 2933 1457 3016 patre
1480 2932 1597 2995 tantas

484 3052 680 3142 voluptates
726 3051 896 3142 capiebat,
943 3072 984 3120 ex
1019 3072 1061 3120 eo
1096 3057 1215 3120 tantos
1248 3052 1428 3140 percipere
1463 3050 1596 3120 luctusl

482 3178 543 3265 (ib.
568 3177 670 3263 1.1).”
694 3177 778 3246 Eius
801 3197 942 3267 quoque
965 3197 1073 3246 causa
1097 3181 1245 3244 mortem
1259 3176 1325 3245 sibi
1339 3175 1469 3243 inferre
1485 3175 1597 3244 resor-

483 3303 609 3371 midat:
634 3323 725 3382 „non
750 3303 909 3370 deseram
923 3352 930 3369 .
946 3353 954 3370 .
968 3352 997 3369 ..
1023 3301 1239 3369 miserrimae
1252 3299 1421 3368 Tulliolae
1434 3299 1595 3371 obsecra-

480 3427 634 3496 tionem''
659 3427 718 3512 (ad
742 3426 814 3495 Att.
840 3425 888 3494 Ill
912 3424 1014 3511 loa).
1038 3464 1083 3475 -

525 3550 564 3619 In
589 3550 767 3619 nonnullis
790 3571 831 3619 ex
856 3549 940 3619 locis
962 3551 1039 3618 istis
1061 3570 1142 3619 cum
1167 3548 1239 3618 lilia
1263 3549 1595 3631 liliusmemoratnr‚

481 3695 586 3764 quem
611 3675 727 3763 ipsum
751 3693 891 3763 quoque
915 3674 1048 3762 ingenti
1072 3692 1192 3741 amore
1207 3687 1415 3762 prosecutus
1427 3679 1491 3742 est.
1505 3672 1593 3743 (lum

479 3799 666 3869 incolumis
699 3798 815 3866 adhuc
849 3805 950 3879 esset,
986 3797 1101 3866 Attico
1138 3797 1216 3886 plus
1246 3797 1353 3866 semel
1384 3798 1443 3883 (ad
1467 3798 1540 3866 Ait.
1564 3797 1595 3865 ll

480 3925 503 3992 9
532 3931 567 3993 et
597 3924 642 3993 15
671 3925 693 3993 i.
725 3924 767 4007 l.;
799 3923 841 3990 of.
867 3921 933 3990 71.
958 3922 998 4009 f.)
1024 3923 1162 3990 Marci
1187 3923 1281 3990 filii
1307 3922 1421 3991 verbis
1444 3923 1593 3991 salutem

480 4049 715 4117 nuntiaverat.
763 4047 875 4116 Natus
910 4052 1027 4113 autem
1064 4067 1095 4114 a.
1130 4045 1184 4124 65,
1215 4067 1296 4115 cum
1329 4046 1450 4116 Cicero
1481 4047 1595 4136 patria

479 4173 594 4256 cessit,
618 4193 752 4241 annum
776 4171 904 4259 agebat
927 4175 1091 4240 octavum
1116 4176 1152 4238 et
1176 4191 1287 4260 „puer
1304 4172 1594 4240 venustissimns''

481 4348 692 4355 ——..—

520 4433 551 4511 l)
593 4432 634 4492 Cl.
656 4432 823 4493 Boissier
843 4432 961 4494 Ciceron
982 4450 1010 4511 p.
1032 4433 1099 4492 lod.
1125 4483 1126 4488 ,
