3734 5518
878 713 923 782 29

335 911 556 1000 eloquentiae
581 911 824 1001 principatum·
839 912 958 980 omnia
981 933 1045 980 sua
1065 913 1183 982 studia
1193 913 1395 982 intenderat
1413 915 1455 1001 1).

336 1034 495 1103 Eundem
520 1035 628 1104 etiam
653 1055 799 1125 scopum
825 1042 962 1126 spectat
985 1035 1046 1104 ubi
1058 1057 1138 1106 oum
1152 1037 1276 1106 Roscio
1288 1037 1456 1107 oomoedo

335 1163 371 1226 et
401 1158 540 1247 Aesopo
570 1159 738 1248 tragoedo
762 1160 994 1250 perlongum
1019 1169 1160 1249 tempus
1183 1161 1456 1231 familiarissime

337 1283 435 1368 vivit3
464 1283 510 1352 ab
533 1284 587 1352 his
610 1285 705 1354 enim
718 1285 885 1355 decorum
899 1292 934 1354 et
945 1287 1118 1354 actionem
1132 1285 1266 1354 discere
1279 1287 1397 1355 studet
1414 1290 1455 1374 ²).

382 1407 527 1477 Biennio
552 1414 738 1497 postquam
764 1429 910 1500 peregre
934 1410 1113 1500 profectus
1136 1418 1222 1496 erat,
1247 1411 1394 1480 Romam
1419 1430 1455 1480 se

336 1533 470 1621 recepit
489 1553 581 1616 „non
607 1533 709 1602 modo
727 1535 960 1612 exercitatior.
984 1535 1044 1603 sed
1058 1556 1167 1625 prope
1181 1542 1349 1620 mutatus,
1373 1556 1453 1603 nam

336 1661 372 1724 et
405 1657 582 1725 eontentio
618 1658 726 1726 nimia
755 1658 850 1727 vocis
872 1659 1052 1727 resederat
1074 1664 1110 1728 et
1132 1659 1234 1746 quasi
1257 1659 1456 1729 deferverat

336 1782 448 1850 oratio
482 1781 721 1870 lateribusque
759 1784 850 1851 vires
884 1789 920 1851 et
942 1783 1080 1874 corpori
1106 1783 1290 1852 mediocris
1314 1783 1456 1852 habitus

336 1905 552 1974 accesserat’
577 1905 725 1993 (Brutus
748 1905 841 1994 316).
1016 1889 1020 1896 ’

382 2030 462 2098 Mox
507 2030 543 2097 in
588 2030 851 2098 matrimonium
898 2030 1042 2116 triginta
1088 2031 1299 2100 duraturum
1344 2052 1455 2116 apnos

337 2173 482 2222 uxorem
507 2153 605 2222 duait
629 2153 841 2232 Terentiam,
865 2153 973 2222 nobili
998 2153 1074 2224 loco
1099 2161 1230 2234 natam,
1243 2157 1344 2224 cuius
1357 2176 1457 2224 soror
1494 2251 1498 2258 Ι

339 2277 446 2345 Fabia
479 2279 576 2366 virgo
600 2277 749 2346 Vestalis
776 2283 879 2368 capta
903 2284 956 2348 est
979 2288 1015 2347 et
1039 2299 1135 2369 quae·
1150 2281 1225 2367 ipsa
1249 2281 1284 2347 in
1309 2300 1346 2348 re
1370 2281 1455 2350 satis

338 2401 435 2471 lauta
457 2401 566 2470 luisse
592 2401 729 2470 videtur
743 2403 784 2491 8).

382 2525 485 2595 Anno
507 2527 707 2614 insequenti
731 2546 874 2595 cursum
900 2528 1074 2595 honorum
1092 2535 1320 2617 aquaestura
1332 2529 1455 2618 incipit

337 2649 518 2738 (deinceps
551 2651 716 2719 omnibus
751 2652 1016 2740 magistratibus
1050 2672 1114 2720 suo
1149 2672 1243 2720 anno
1277 2653 1455 2741 fungitur)

336 2780 372 2841 et
394 2773 612 2863 Lilybaetani
637 2774 740 2843 offioii
764 2773 887 2843 omnes
910 2781 1029 2863 partes
1040 2777 1142 2844 enixe
1165 2775 1298 2866 implet.
1313 2775 1455 2845 Nobiles

337 2903 468 2977 autem,
491 2918 534 2966 ex
558 2919 709 2986 quorum
734 2898 876 2967 familiis
902 2901 1012 2988 magis
1037 2901 1218 2989 magisque
1231 2921 1380 2969 numero
1392 2900 1455 2968 de-

320 2997 483 3090 'minutis
497 3025 528 3109 4)
564 3023 791 3111 magistratus
825 3043 964 3112 semper
998 3023 1110 3092 ferme
1133 3024 1376 3109 sumebantur,
1399 3025 1455 3092 in-

337 3149 479 3234 genium
504 3147 742 3234 integritatem
767 3147 850 3215 talia
862 3147 898 3214 in
915 3148 1055 3217 bomine
1068 3169 1158 3217 novo
1171 3149 1257 3216 nibil
1270 3148 1454 3229 curabant,

337 3272 438 3340 cuius
469 3271 581 3340 virtus
600 3278 636 3339 et
658 3271 833 3340 industria
856 3272 892 3340 in
916 3272 995 3340 odio
1019 3272 1136 3360 potius
1160 3279 1196 3342 et
1219 3273 1351 3341 invidia
1377 3279 1455 3342 erat

338 3393 424 3482 (Cio.
468 3395 565 3464 Verr.
602 3396 630 3463 V
669 3395 758 3484 181).
793 3394 914 3464 Cicero
948 3397 1023 3484 ipse
1054 3417 1195 3485 quoque
1230 3397 1455 3486 intellegebat

336 3518 423 3586 nihil
457 3539 494 3587 se
528 3519 574 3589 ab
608 3520 838 3607 optimatibus
876 3521 1150 3612 impetraturum
1185 3541 1262 3590 esse
1298 3523 1365 3590 nisi
1391 3523 1455 3591 ad-

379 3732 410 3805 l)
450 3729 741 3812 Baiter-Kayser
761 3732 907 3794 Ciceronis
927 3751 1012 3812 opem
1034 3734 1045 3794 l
1067 3733 1144 3814 lips.
1166 3737 1245 3796 1860
1262 3735 1455 3816 Prael.p.Xll

339 3843 505 3907 boissier
527 3846 645 3908 ciceron
667 3868 691 3908 e.
713 3867 737 3908 s.
758 3866 784 3908 a.
806 3867 834 3928 p.
856 3851 904 3909 16.
926 3849 1115 3911 Cuohevai
1137 3851 1149 3911 l
1170 3869 1197 3929 p.
1220 3853 1288 3913 205.

378 3960 410 4040 Ξ)
450 3960 522 4022 Vide
547 3961 731 4024 Cnohevul
754 3963 766 4023 l
788 3981 814 4042 p.
839 3965 968 4024 69—72.

379 4078 408 4148 3)
449 4075 521 4138 Vide
542 4077 726 4140 Drumann
749 4077 787 4139 Vl
809 4081 868 4140 685
889 4079 1059 4142 Boissier
1080 4079 1137 4141 Cio.
1159 4099 1183 4141 e.
1206 4100 1229 4142 s.
1251 4099 1277 4141 a.
1298 4099 1325 4159 p.
1344 4083 1383 4141 95
1411 4099 1455 4160 sq.

338 4190 522 4253 Cuoheval
544 4193 556 4253 l
577 4211 605 4273 p.
627 4196 675 4255 77.

378 4309 409 4381 l)
450 4307 491 4368 cl.
524 4307 731 4370 Mommsen.
765 4309 816 4370 [lie
847 4314 918 4370 rdm.
952 4310 1293 4402 Patrioiergesohleolrter,
1320 4310 1349 4370 in
1373 4311 1455 4371 lldrn.

340 4421 546 4501 Forsohungen
568 4423 579 4483 l
600 4442 627 4502 p.
651 4425 718 4485 122.
