3792 5486
949 685 1012 752 138

416 879 571 949 urbanos
606 882 648 948 de
683 879 805 960 Quinti
829 881 948 949 fratris
972 881 1129 968 negotio:
1157 880 1243 962 vide,
1268 881 1351 969 quid
1377 898 1534 968 narrent,

416 1026 548 1094 ecquae
580 1026 659 1094 spes
690 1007 735 1073 sit
758 1007 891 1072 denarii
916 1027 961 1072 an
982 1006 1182 1093 cistophoro
1207 1005 1419 1094 Pompeiano
1443 1009 1535 1076 iace·

416 1152 518 1199 amus
541 1130 600 1216 [ad
626 1131 698 1198 Au.
724 1129 753 1198 ΙΙ
781 1129 864 1220 621.
890 1131 1101 1210 Quaestores
1124 1137 1256 1211 autem,
1281 1151 1423 1218 quaem,
1448 1153 1533 1200 num

418 1257 524 1323 etiam
549 1256 592 1322 de
616 1254 815 1343 cistophoro
840 1253 1028 1321 dubitanti
1053 1254 1143 1322 Nam
1167 1255 1196 1321 si
1219 1254 1315 1322 aliud
1340 1255 1425 1334 nihil
1458 1257 1534 1338 erit,

417 1401 497 1449 cum
533 1381 666 1447 erimus
688 1378 819 1446 omnia
849 1380 994 1467 experti,
1019 1400 1083 1466 ego
1107 1399 1151 1446 ne
1174 1378 1258 1447 illud
1285 1380 1427 1467 quidem
1452 1401 1534 1450 con-

417 1511 585 1586 temnam,
632 1505 724 1592 quod
761 1509 958 1571 extremum
995 1509 1048 1570 est
1084 1502 1144 1588 [ib.
1179 1502 1322 1592 to.t]‘’).
1371 1503 1533 1592 Magnam

419 1636 553 1718 partem
589 1636 805 1716 erogaverat,
837 1649 909 1716 qua
942 1627 1112 1716 quosdam
1138 1648 1365 1716 corrumpere
1388 1633 1535 1698 conatus

418 1775 493 1822 esse
529 1754 667 1822 videtur
703 1759 742 1821 ut
775 1753 907 1821 Romae
944 1773 1085 1820 manere
1122 1759 1247 1841 posset.
1283 1751 1382 1832 Quod
1412 1773 1536 1842 super-

417 1888 492 1946 erat
539 1899 657 1948 secum
695 1879 888 1967 asportavit
923 1885 958 1946 et
992 1877 1167 1966 expendit,
1204 1876 1297 1965 quod
1335 1876 1457 1946 scribit
1491 1877 1534 1945 ad

411 2004 557 2072 fratrem
594 2003 624 2090 (l
659 2001 748 2090 3.7):
786 2001 885 2084 „Qua
920 2023 957 2070 re
992 2001 1077 2090 quid
1112 2001 1155 2069 ad
1192 2023 1248 2069 me
1280 2003 1455 2090 scripsisti
1490 2001 1534 2070 de

413 2128 696 2217 permutatione?
719 2126 828 2207 Quasi
854 2147 934 2196 vero
959 2148 1053 2195 nunc
1079 2147 1134 2192 me
1160 2147 1228 2194 non
1250 2131 1333 2194 tuae
1346 2125 1534 2194 facultates

411 2254 622 2335 sustineant,
657 2273 728 2340 qua
763 2254 799 2319 in
832 2273 869 2319 re
901 2253 976 2340 ipsa
1003 2250 1101 2318 video
1127 2252 1289 2319 miseret
1315 2251 1534 2338 sentioquid

411 2378 552 2446 sceleris
587 2376 801 2451 admiserim.
837 2398 917 2445 oum
951 2384 990 2444 tu
1022 2377 1065 2443 dc
1103 2377 1293 2445 visceribus
1317 2376 1388 2443 tuis
1412 2381 1447 2442 et
1473 2375 1536 2442 filii

411 2503 463 2569 tui
497 2503 582 2569 satis
617 2503 777 2570 facturus
805 2504 852 2570 sis
887 2502 1015 2590 quibus
1039 2502 1155 2580 debes,
1184 2521 1248 2589 ego
1283 2507 1466 2589 acceptam
1491 2519 1532 2566 ex

412 2627 547 2694 aerario
569 2627 754 2715 pecuniam
769 2631 831 2694 tuo
844 2629 985 2694 nomine
999 2627 1131 2694 frustra
1145 2625 1378 2714 dissiparim.”
1393 2624 1534 2692 Partem

414 2772 495 2819 vero
518 2750 735 2819 debitoribus
757 2752 877 2819 fratris
902 2752 1061 2833 donarat,
1083 2750 1218 2839 reliqua
1241 2749 1285 2818 ad
1310 2770 1346 2817 se
1363 2756 1535 2817 verterat:

412 2877 502 2961 „Sed
538 2887 656 2944 tamen
694 2883 730 2944 et
761 2877 805 2944 M.
831 2877 994 2956 Antonio,
1019 2883 1192 2965 quantum
1219 2884 1257 2942 tu
1284 2876 1475 2963 scripseras
1500 2881 1534 2941 et

411 3002 579 3090 Caepioni
602 3000 823 3070 tantumdem
850 3002 1003 3068 solutum
1029 3007 1097 3084 est3
1122 3039 1164 3049 -
1190 3001 1276 3068 mihi
1300 2999 1343 3068 ad
1368 2999 1415 3078 id,
1440 2998 1533 3087 quod

412 3129 536 3216 cogito,
562 3126 638 3210 hoc,
661 3127 753 3214 quod
783 3125 903 3206 babeo,
928 3127 1012 3193 satis
1024 3132 1094 3210 est;
1108 3127 1179 3193 sive
1192 3127 1287 3192 enim
1301 3125 1535 3202 restituimur,

411 3253 484 3319 sive
520 3253 759 3340 desperamus,
797 3250 883 3317 nibil
912 3250 1064 3338 amplius
1087 3270 1176 3339 opus
1199 3249 1286 3317 est.”
1312 3249 1390 3317 Non
1414 3255 1534 3317 tamen

411 3376 493 3444 exul
515 3375 651 3464 egebat,
674 3376 759 3464 quia
783 3382 818 3443 et
841 3394 898 3442 res
916 3374 1099 3442 familiaris
1111 3383 1146 3441 et
1161 3374 1246 3440 fides
1260 3374 1378 3458 Attici,
1392 3373 1428 3443 C.
1442 3373 1536 3441 Ateii

317 3582 327 3588 ‚¹
412 3501 602 3589 Capitonis,
638 3500 674 3569 C.
705 3500 836 3568 Rabirii
863 3499 1018 3566 Postumi
1042 3502 1120 3586 (pro
1144 3497 1262 3566 Rabir.
1286 3497 1340 3578 47,
1368 3497 1434 3565 vid.
1459 3517 1536 3584 cap.

412 3625 454 3694 de
479 3625 617 3710 amicis)
641 3625 673 3691 ei
699 3630 836 3712 praesto
860 3632 978 3691 erant:
1006 3623 1139 3706 „Notae
1163 3623 1226 3690 tibi
1249 3628 1331 3690 sunt
1349 3623 1536 3690 varietates

413 3769 571 3818 meorum
607 3755 820 3837 temporum.
856 3748 895 3816 lu
932 3749 1027 3816 omni
1062 3769 1191 3834 genere
1225 3757 1260 3816 et
1301 3748 1535 3816 bonorumet

412 3874 573 3946 laborum
612 3894 771 3942 meorum
802 3881 838 3941 et
870 3875 1010 3941 animus
1035 3879 1070 3941 et
1093 3893 1201 3962 opera
1223 3879 1259 3941 et
1283 3873 1477 3941 auctoritas
1500 3877 1537 3939 et

411 4000 535 4088 gratia,
571 3999 676 4066 etiam
715 4018 769 4065 res
804 3997 997 4082 familiaris,
1034 3997 1071 4066 C.
1100 3997 1279 4087 Capitonis
1305 4005 1443 4085 praesto
1466 3997 1536 4064 fuit

412 4131 448 4190 et
483 4124 602 4211 paruit
635 4131 671 4189 et
703 4123 922 4212 temporibus
953 4130 987 4190 ct
1008 4123 1171 4190 fortunae
1197 4123 1317 4190 meae'’
1343 4121 1437 4207 (ads.
1453 4120 1535 4188 XlII

412 4247 516 4336 292).
541 4246 661 4331 „Quod
684 4248 870 4317 facultates
894 4256 973 4316 tuas
993 4249 1036 4316 ad
1052 4270 1165 4317 meam
1180 4248 1330 4316 salutem
1345 4246 1532 4336 polliceris,

414 4383 451 4440 ut
487 4373 650 4441 omnibus
670 4372 776 4441 rebus
800 4395 820 4441 a
845 4381 878 4441 te
903 4381 1042 4463 praeter
1066 4380 1201 4442 ceteros
1223 4375 1334 4456 iuver,
1356 4372 1390 4440 id
1417 4393 1531 4461 quan-
