3778 5488
886 682 952 752 187

357 883 513 963 inissent,
548 905 617 952 non
655 885 771 972 inepte
806 882 965 951 nonnulli
1000 883 1179 951 coniciunt
1212 920 1249 930 -
1288 902 1318 949 a.
1342 881 1387 948 58
1412 900 1474 968 pro

357 1005 524 1076 Cicerone
560 1008 595 1077 L.
633 1007 792 1076 Pisonem
817 1007 995 1077 consulem
1021 1008 1230 1096 deprecatus
1253 1013 1307 1074 est
1330 1005 1381 1092 (in
1406 1005 1473 1072 Pis.

357 1131 431 1220 77);
461 1141 538 1221 post
565 1133 716 1202 reditum
740 1134 776 1201 in
801 1133 1024 1202 contentione
1047 1131 1090 1200 de
1114 1152 1198 1200 area
1221 1130 1475 1218 domusponti·

356 1257 413 1324 fex
447 1276 529 1326 cum
565 1258 643 1326 aliis
677 1256 901 1347 pontificibus
935 1257 1093 1326 Ciceroni
1124 1257 1265 1325 favebat
1288 1265 1322 1324 et
1348 1275 1410 1344 pro
1433 1275 1475 1322 eo

360 1380 464 1450 verba
487 1382 571 1451 iecit
594 1383 653 1469 (de
673 1382 778 1451 domo
788 1381 864 1465 132,
878 1383 921 1450 de
936 1382 1009 1451 bar.
1023 1402 1113 1471 resp.
1125 1381 1179 1464 la
1192 1381 1235 1450 ad
1250 1382 1322 1449 Au.
1336 1378 1381 1448 IV
1393 1377 1475 1466 at).

402 1506 438 1575 L.
472 1506 668 1575 Manlius
699 1506 968 1596 Torquatus,
999 1508 1060 1596 qui
1083 1516 1241 1595 tempore
1261 1506 1474 1575 coniuratio·

357 1631 411 1698 nis
442 1630 612 1700 Catilinae
635 1631 878 1700 infirmitatem
903 1633 1061 1722 corporis
1083 1632 1190 1700 animi
1218 1632 1346 1699 virtute
1370 1650 1475 1719 supe·

357 1755 446 1823 ravit
470 1760 549 1844 (pro
573 1756 671 1824 Sulla
692 1755 752 1841 34)
774 1765 810 1825 et
836 1758 970 1845 maguis
984 1756 1090 1825 rebus
1101 1757 1135 1824 iu
1153 1755 1357 1824 Macedonia
1369 1755 1476 1844 gestis

356 1878 523 1949 Cicerone
558 1881 732 1950 referente
766 1881 811 1950 ab
838 1888 963 1950 senatu
988 1882 1180 1970 imperator
1202 1887 1256 1948 est
1279 1879 1476 1969 appellatus

356 2005 406 2089 (in
432 2004 500 2073 Pis.
524 2004 593 2090 44),
619 2027 681 2095 pro
705 2006 872 2076 Cicerone
897 2007 933 2075 L.
958 2006 1120 2075 Pisonem
1145 2005 1323 2074 consulem
1349 1998 1475 2093 dep're-

356 2137 457 2198 catus
478 2140 532 2198 est
555 2130 606 2218 (in
632 2129 699 2200 Pis.
723 2129 782 2219 77)
806 2140 841 2199 et
865 2136 1005 2221 praeter
1027 2140 1163 2199 ceteros
1186 2129 1327 2197 furebat
1350 2136 1475 2198 contu-

357 2255 470 2324 macia
495 2256 652 2344 responsi
677 2255 769 2324 illius
792 2255 854 2344 (ib.
878 2255 948 2345 78).

401 2378 437 2446 Ρ.
463 2378 671 2448 Plautius
694 2367 928 2470 Hypsaeus
948 2380 1037 2448 bello
1059 2381 1295 2449 Mithridatico
1308 2385 1474 2469 quaestor

357 2502 474 2571 fuerat
498 2503 664 2594 Pompeio
687 2504 830 2591 (Asson.
851 2506 885 2572 in
908 2505 1026 2574 Milon.
1049 2527 1081 2595 p.
1100 2505 1154 2590 31,
1175 2501 1244 2574 Cic.
1268 2524 1329 2594 pro
1350 2504 1473 2572 Flacco

355 2627 413 2711 ί20)
437 2633 473 2696 et
495 2648 572 2697 eam
598 2629 746 2698 fortasse
769 2630 814 2698 ob
837 2650 979 2698 causam
993 2630 1086 2720 apud
1101 2630 1305 2720 Pompeium
1323 2627 1471 2696 multum

357 2754 513 2839 valebat:
539 2754 723 2824 videbatur
746 2757 869 2824 sallem
895 2737 976 2825 eum
1002 2755 1160 2826 Ciceroni
1173 2754 1359 2824 conciliare
1374 2773 1473 2842 posse

356 2883 463 2967 atque
486 2879 520 2947 id
545 2885 585 2948 ut
607 2880 761 2950 efficeret
783 2901 926 2971 operam
941 2881 1094 2949 dedisse:
1120 2881 1292 2963 „Varroni
1306 2879 1473 2947 meiubes

355 3023 459 3092 agere
486 3005 636 3094 gratias:
660 3005 799 3089 faciam,
823 3008 906 3075 item
932 3007 1094 3096 Hypsaeo
1118 3006 1176 3090 (ad
1201 3006 1273 3073 Au.
1298 3002 1472 3090 1118.3).”

400 3127 436 3197 C.
469 3127 681 3198 Rabirius
712 3129 970 3200 Postumus:
1011 3131 1099 3211 „sed
1124 3131 1205 3212 iam,
1231 3130 1408 3219 quoniam,
1433 3140 1473 3196 ut

355 3273 468 3341 spero,
493 3253 608 3336 fidem,
633 3275 740 3344 quam
763 3255 829 3324 tibi
851 3256 940 3337 dedi,
955 3257 1124 3344 praestiti,
1137 3255 1314 3334 Postume,
1328 3253 1470 3321 reddam

355 3379 461 3445 etiam
497 3379 661 3448 lacrimas
692 3401 781 3469 quas
815 3381 942 3449 debeo:
967 3401 1056 3469 quas
1079 3379 1220 3470 quidem
1245 3399 1309 3467 ego
1332 3387 1412 3446 tuas
1435 3379 1471 3445 in
1594 3413 1597 3420 ,

357 3524 434 3572 meo
465 3524 547 3572 casu
574 3505 745 3594 plurimas
769 3506 855 3574 vidi:
881 3514 1042 3573 versatur
1064 3513 1145 3574 ante
1169 3504 1289 3572 oculos
1312 3504 1473 3573 luctuosa

355 3648 424 3697 nox
449 3631 535 3698 meis
559 3630 733 3712 omnibus,
756 3651 837 3699 cum
862 3637 1039 3699 tutulum
1064 3640 1098 3699 te
1122 3651 1203 3700 cum
1224 3631 1295 3698 tuis
1307 3631 1416 3719 copiis
1428 3630 1470 3697 ad

356 3773 411 3820 me
434 3753 601 3823 detulisti.
627 3754 678 3822 Tu
703 3755 901 3834 comitibus,
926 3762 964 3824 tu
990 3755 1173 3845 praesidio,
1198 3763 1237 3822 tu
1254 3756 1472 3823 etiamtanto

356 3877 510 3966 pondere
523 3879 612 3962 auri,
625 3886 799 3968 quantum
813 3887 953 3968 tempus
962 3879 1046 3948 illud
1058 3879 1269 3969 postulabat,
1278 3880 1470 3948 discessum

355 4001 454 4070 illum
480 4005 703 4088 sustentasti3
728 4011 766 4073 tu
791 4026 987 4094 numquam
1014 4007 1100 4074 meis
1117 4025 1173 4073 me
1184 4005 1329 4074 absente
1343 4005 1472 4088 liberis,

356 4147 552 4216 numquam
578 4129 719 4219 coniugi
745 4149 843 4198 meae
863 4129 1006 4199 defuisti
1029 4133 1109 4219 (pro
1134 4130 1248 4199 Rabir.
1274 4130 1366 4217 47).”

399 4251 438 4319 ln
480 4251 515 4322 C.
553 4252 841 4323 Scribonium
879 4254 1118 4325 Curionem
1156 4263 1341 4342 patrem,
1376 4256 1470 4344 quod

355 4380 492 4446 senatui
528 4377 775 4448 adversaretur
809 4385 844 4447 et
878 4379 1037 4449 Clodium
1073 4381 1194 4450 iuvare
1228 4381 1386 4450 studeret
1410 4379 1469 4471 (ud
