3734 5518
863 765 909 834 39

325 958 585 1034 πολιτικώτατος
607 963 739 1051 optime
774 965 952 1054 perspexit
975 965 1201 1054 corruptione
1226 967 1441 1035 matrimonii

324 1089 513 1179 imperium
546 1109 687 1178 pessum
718 1089 770 1157 ire
788 1087 828 1178 1).
863 1088 987 1178 Neque
1018 1089 1149 1160 iniuria
1170 1090 1279 1180 igitur
1302 1090 1443 1159 dolebat

325 1212 419 1302 quod
476 1218 580 1303 poeta
634 1212 871 1301 nequissimus
923 1232 1063 1282 summa
1116 1212 1302 1283 fruebatur
1354 1236 1443 1284 aura

325 1336 445 1426 populi
460 1338 502 1427 2).
530 1337 607 1406 Non
632 1343 752 1406 tamen
777 1337 862 1406 satis
885 1356 1013 1406 causae
1035 1357 1112 1406 esse
1134 1337 1376 1408 arbitrabatur
1398 1339 1442 1407 ad

325 1462 544 1552 puniendum
578 1463 797 1551 scriptorem,
832 1461 1032 1530 libertatem
1056 1463 1152 1531 enim
1176 1463 1314 1532 dicendi
1338 1435 1444 1532 num-

325 1607 433 1677 quam
457 1591 715 1676 compresserat
730 1588 779 1676 8);
802 1585 909 1655 aliam
929 1585 1157 1656 offensionem
1182 1588 1442 1678 opperiebatur,

325 1732 416 1802 quae
447 1710 582 1801 aliquot
612 1712 716 1780 aunis
745 1717 825 1801 post
849 1730 886 1780 se
910 1710 1039 1781 obtulit
1053 1713 1094 1800 4).
1119 1711 1216 1793 Quae
1240 1719 1360 1782 autem
1384 1714 1445 1783 illa

326 1835 434 1906 luerit
463 1837 651 1906 nescimus.
683 1833 790 1904 Poeta
813 1836 887 1924 ipse
911 1835 954 1905 de
975 1837 1138 1919 „errore”
1163 1856 1227 1906 suo
1247 1859 1444 1928 numquam

326 1961 395 2029 nisi
438 1959 587 2030 obscure
629 1960 796 2050 loquitur,
838 1960 933 2031 ultro
975 1961 1128 2030 affirmat
1173 1981 1210 2031 se
1247 1983 1443 2050 numquam

326 2084 492 2154 disertius
533 2085 737 2155 locuturum
780 2104 855 2153 esse
878 2087 907 2171 5)
941 2091 977 2154 et
1016 2105 1079 2155 nos
1121 2085 1276 2175 quidem,
1310 2087 1340 2155 si
1374 2106 1444 2155 non

326 2209 549 2300 aequalest),
583 2229 667 2278 eum
690 2207 825 2279 celavit.
852 2208 1003 2278 Maxime
1027 2209 1218 2299 probabilis
1240 2217 1360 2279 tamen
1386 2230 1447 2280 su·

326 2336 436 2424 spicio
470 2340 534 2415 est,
566 2354 673 2424 quarn
698 2334 733 2403 in
759 2334 981 2403 Massonis
1005 2335 1084 2404 Vita
1109 2335 1223 2405 Ovidii
1247 2339 1316 2425 (ap.
1343 2335 1448 2404 Bur-

328 2480 458 2528 mann
491 2458 538 2529 lv
561 2481 595 2549 p.
619 2458 679 2548 88)
702 2457 770 2528 sub
793 2459 935 2528 nomine
957 2458 1174 2528 Bucberii
1194 2459 1447 2548 (rste-loos)

367 2731 397 2803 l)
438 2727 551 2789 Seeck
572 2726 722 2806 Augustus
743 2745 770 2806 p.
795 2728 854 2787 lto
874 2743 936 2805 sqq.

366 2847 398 2923 ⁹2)
438 2842 537 2922 Neque
559 2841 654 2904 Ovidii
677 2859 769 2920 neque
781 2839 904 2902 aliorum
917 2839 1005 2902 buius
1015 2841 1077 2902 aevi
1090 2850 1238 2920 poetarum
1251 2852 1304 2904 uta
1318 2862 1445 2917 normae,

326 2978 413 3040 quarn
435 2959 584 3039 Augustus
606 2957 718 3038 legibus
739 2957 801 3019 suis
823 2956 1084 3019 matrimonialibus
1104 2965 1248 3038 posuerat,
1260 2959 1449 3039 respondebat

326 3075 447 3154 (Owen
468 3075 480 3136 l
502 3093 530 3154 p.
552 3077 631 3150 100).
1443 3149 1445 3153 ι

367 3193 398 3266 3)
438 3189 720 3251 Gardthausen
752 3188 901 3268 Augustus
933 3183 978 3250 u.¹
997 3207 1019 3249 s.
1052 3189 1113 3251 leit
1144 3189 1259 3270 Leipzig
1291 3192 1448 3252 l8el-9o

328 3326 355 3386 p.
377 3310 436 3368 tes
458 3323 520 3386 sqq.
541 3312 581 3386 (p.
605 3308 676 3368 501:
698 3305 745 3367 ein
767 3305 875 3366 ollenes
896 3304 978 3366 Worl
1002 3303 1069 3366 liess
1089 3324 1120 3366 er·
1141 3304 1245 3383 gellen,
1266 3305 1355 3368 selbst
1368 3324 1449 3368 wana

279 3407 282 3410 ¹
328 3423 388 3484 ibm
418 3421 546 3485 dadumlr
579 3421 764 3502 emplrndlicb
795 3419 842 3481 die
877 3419 1024 3482 Wabrbeil
1052 3421 1097 3482 ins
1118 3421 1305 3483 Gerlicbtniss
1327 3423 1449 3485 zurirck·

328 3540 449 3620 gerulen
473 3539 593 3617 wuula),
614 3537 728 3622 Seeck
753 3557 779 3618 p.
802 3539 931 3598 86-87.

371 3654 466 3717 Nimis
496 3654 546 3716 diu
579 3673 647 3716 eurn
674 3653 778 3734 pressit
799 3653 923 3714 Senecae
945 3651 1079 3731 iniquum
1101 3652 1241 3714 iudicium
1263 3653 1310 3728 (de
1332 3654 1415 3715 clem.
1437 3655 1449 3715 l

328 3774 422 3832 9-tl
448 3771 533 3851 impr.
555 3774 642 3834 lla:
665 3770 738 3832 lassa
760 3767 935 3841 crudelitas).

368 3891 399 3962 l)
439 3887 481 3949 Cl.
513 3886 658 3963 Brandt,
689 3886 719 3947 P.
752 3885 838 3949 Ovidi
861 3883 983 3947 Nasonis
1007 3883 1043 3945 do
1065 3891 1124 3945 arte
1145 3884 1281 3946 amatoria
1305 3884 1370 3946 libri
1393 3890 1450 3945 tres

332 4002 450 4083 Leipzig
471 4005 550 4065 1902
571 4022 598 4083 p.
619 4002 658 4063 lll
680 4020 745 4063 ann.

371 4123 401 4196 b)
441 4119 488 4180 Tr.
510 4120 522 4181 l
545 4121 631 4181 lilii:
654 4117 733 4180 Scire
755 4135 834 4178 meos
854 4113 940 4178 casus
960 4117 984 4178 si
1006 4115 1073 4197 quis
1093 4115 1237 4178 desiderat
1256 4115 1350 4177 omnis

699 4233 776 4305 Plus¹
798 4251 885 4312 quarn
908 4233 985 4312 quod
1008 4231 1069 4293 lieri
1092 4251 1138 4293 res
1158 4231 1237 4302 sinit,
1259 4231 1307 4293 ille
1329 4230 1408 4312 petit

328 4352 365 4413 cl.
386 4351 426 4412 ib.
448 4369 489 4412 vs.
513 4353 546 4412 bl
572 4369 626 4430 sq..
650 4349 676 4411 ll
697 4353 766 4421 008,
787 4349 824 4411 1v
848 4351 958 4411 l0.l00
978 4356 1032 4410 etc.

368 4470 400 4544 6)
439 4467 486 4528 Tr.
508 4465 545 4528 lll
567 4468 656 4528 l0.99
677 4474 704 4528 et
725 4464 805 4527 alibi.
