3778 5488
868 771 935 840 225

338 972 458 1040 omnia
480 970 622 1040 saecula
645 969 836 1040 domestico
859 975 1051 1038 narrentur
1074 968 1270 1059 praeconio,
1284 973 1456 1056 quantum

339 1104 448 1185 potes,
472 1114 654 1184 compone.
678 1093 769 1164 Nam
795 1095 868 1182 ipse
888 1095 950 1162 tibi
971 1095 1102 1182 optime
1115 1092 1290 1162 formandi
1304 1092 1459 1162 conden-

338 1219 444 1310 dique
469 1239 524 1288 res
547 1223 663 1310 gestas
686 1225 723 1286 et
745 1219 928 1287 materiam
954 1219 1051 1287 dabit
1070 1225 1105 1287 et
1116 1215 1402 1316 exemplumu(8.‘2
1414 1215 1458 1285 cl.

339 1344 482 1413 Sueton.
518 1343 640 1414 Claud.
664 1341 704 1412 ll
732 1344 812 1434 sq).
838 1343 889 1413 Ne
914 1345 1035 1433 itaque
1060 1342 1227 1412 invideris
1250 1341 1352 1409 fratri
1378 1346 1458 1409 tuo:

338 1469 498 1558 quiescit.
522 1466 678 1538 Tandem
704 1467 803 1551 liber,
827 1467 968 1538 landem
993 1475 1103 1551 tutus
1126 1467 1269 1535 tandem
1293 1474 1460 1534 aeternus

337 1599 401 1662 est.
434 1592 666 1681 Superstitem
691 1593 876 1662 Gaesarem
901 1611 1113 1681 omnemque
1135 1592 1213 1658 eius
1237 1588 1413 1680 prolem..
1429 1641 1457 1658 ..

340 1717 445 1787 lrabet
468 1716 565 1806 (9.7).
590 1717 668 1790 Non
692 1717 850 1787 desinam
875 1718 1004 1786 totiens
1027 1716 1091 1785 tibi
1115 1714 1240 1784 ollerre
1260 1714 1457 1784 Gaesarem.

339 1842 401 1910 Illo
446 1842 648 1912 moderante
691 1851 805 1912 terras
843 1849 879 1911 et
913 1841 1129 1919 ostendente,
1164 1847 1298 1930 quanto
1335 1840 1459 1908 melius

340 1966 517 2036 boueliuiis
540 1967 729 2058 imperium
754 1966 974 2036 custodiatur
996 1986 1106 2056 quam
1129 1965 1249 2050 armis,
1274 1963 1332 2033 illo
1353 1963 1459 2032 rebus

341 2091 505 2160 humanis
528 2091 689 2184 praeside
712 2112 782 2160 non
807 2097 860 2161 est
884 2090 1092 2182 periculum,
1112 2090 1252 2179 nequid
1267 2089 1459 2179 perdidisse

338 2225 373 2285 te
415 2218 633 2286 sentias...
676 2215 846 2297 Quotiens
881 2217 1046 2287 lacrimae
1080 2216 1314 2285 suboriuntur
1348 2213 1458 2284 oculis

339 2341 421 2416 tuis.
445 2342 574 2410 totiens
589 2341 667 2410 illus
678 2341 715 2408 in
728 2340 914 2410 Gaesarem
928 2339 1056 2429 dirige:
1070 2339 1301 2409 siccabuntur
1315 2339 1457 2407 maximi

338 2477 374 2532 et
397 2465 582 2533 clarissimi
606 2470 797 2554 conspectu
822 2466 977 2532 numinis
1000 2462 1119 2553 (12.3).
1144 2463 1217 2533 Nec
1229 2462 1362 2546 dubito,
1376 2483 1457 2532 cum

339 2595 439 2657 tauta
461 2589 512 2656 illi
535 2589 705 2658 adversus
728 2607 851 2658 omnes
873 2609 955 2657 suos
978 2589 1023 2656 sit
1044 2585 1278 2656 mansuetudo
1289 2593 1459 2676 tantaque

338 2711 567 2801 indulgentia,
592 2715 678 2804 quin
701 2713 771 2784 iam
797 2711 917 2782 multis
937 2713 1070 2782 solatiis
1092 2718 1194 2781 tuum
1214 2712 1308 2780 istud
1335 2710 1460 2779 volnus

338 2836 535 2918 obduxerit,
572 2837 692 2924 multa,
728 2857 820 2927 quae
856 2837 965 2905 dolori
1000 2838 1183 2906 obstarent
1216 2841 1289 2914 tuo,
1313 2855 1458 2924 conges-

338 2963 421 3030 serit
457 2962 518 3050 (ib.
555 2961 603 3050 4).
641 2963 682 3030 Di
706 2961 806 3032 illum
831 2961 988 3050 deaeque
1013 2963 1115 3031 terris
1139 2963 1199 3030 diu
1223 2963 1458 3034 commodent.

338 3085 427 3155 Acta
462 3086 518 3156 hic
553 3086 624 3154 divi
659 3086 810 3175 Augusti
845 3093 985 3174 aequet
1008 3107 1120 3156 annos
1146 3089 1347 3158 vincat...
1373 3089 1459 3158 Sera

337 3219 373 3279 et
407 3211 594 3300 nepotibus
629 3211 772 3280 demum
807 3211 937 3280 nostris
972 3210 1046 3279 dies
1078 3218 1161 3279 nota
1184 3213 1240 3290 sit,
1263 3233 1334 3301 qua
1357 3213 1456 3281 illum

336 3354 423 3423 gens
446 3355 511 3404 sua
534 3333 631 3404 eaelo
654 3335 795 3403 adserat
818 3333 879 3424 (ib.
904 3334 974 3424 5).”
1000 3334 1125 3403 Nonne
1138 3344 1192 3403 est
1205 3335 1270 3405 hoc
1282 3336 1459 3405 carnificis

340 3461 454 3549 virgas
488 3459 716 3529 exosculare?
753 3457 874 3548 Neque
911 3461 1027 3529 minus
1058 3459 1248 3544 „adulandi
1272 3461 1457 3531 delirium'’

337 3583 529 3652 ostendunt
563 3585 679 3674 capita
714 3585 794 3668 duo,
825 3604 917 3674 quae
940 3592 1140 3674 sequuntur
1163 3584 1223 3674 (13
1245 3592 1281 3654 et
1303 3585 1371 3671 14),
1396 3587 1457 3656 ubi

337 3708 489 3796 ingenue
524 3710 666 3788 fatetur,
698 3729 734 3777 se
758 3729 827 3778 non
855 3711 978 3792 vereri,
1003 3729 1068 3793 „ne
1093 3729 1129 3777 se
1155 3730 1265 3778 unum
1290 3718 1458 3790 transeat,

338 3832 410 3900 sive
444 3833 667 3902 innocentem
703 3851 741 3902 se
775 3833 892 3903 scierit
928 3853 1015 3917 esse,
1050 3835 1123 3901 sive
1155 3834 1304 3903 voluerit
1327 3834 1458 3925 (l3.3)’'

338 3957 512 4047 princeps,
547 3958 630 4047 „qui
666 3957 845 4047 publicum
882 3959 1039 4027 omnium
1078 3959 1260 4028 hominum
1292 3961 1455 4029 solatium

337 4088 391 4148 est
414 4079 534 4170 (14.1),
558 4081 659 4150 lassis
683 4081 866 4152 homiuum
892 4082 998 4151 rebus
1021 4082 1143 4151 datum
1170 4083 1311 4172 (16.6)”,
1325 4086 1458 4174 quique

338 4204 559 4293 „cumplures
602 4205 793 4278 multorum
836 4205 907 4275 iam
949 4225 1124 4274 annorum
1168 4209 1271 4276 ruina
1312 4208 1458 4278 obrutos

337 4328 498 4398 elloderr't
520 4336 555 4398 et
570 4329 734 4399 inlunem
749 4329 961 4399 reduxerit.”
974 4329 1140 4398 Attamen
1154 4351 1277 4400 revera
1289 4331 1457 4402 Claudius

338 4454 507 4524 Senecam
554 4457 705 4540 transiit,
747 4476 827 4524 cum
871 4455 1050 4524 nonnullis
1091 4454 1168 4525 aliis
1210 4459 1454 4605 postlstrium·
