3792 5486
476 897 601 974 Ultima,
622 914 699 975 quae
721 915 835 956 meeum
855 915 937 956 seros
957 899 1121 975 permansit
1141 898 1171 956 in
1194 916 1299 974 annos,

514 1013 662 1072 Sustinuit
683 1013 814 1071 coniunx
835 1011 934 1071 exulis
954 1031 1019 1072 ease
1045 1013 1111 1072 viri.

1237 1129 1289 1203 (ib.
1314 1130 1413 1199 1053)

493 1243 578 1313 Quod
600 1251 630 1304 te
651 1245 751 1303 neaoio
772 1244 839 1320 quis
861 1261 911 1322 per
932 1244 1030 1321 iurgia
1050 1243 1162 1303 dixerit
1182 1260 1246 1303 esse

536 1359 642 1420 Exulis
662 1377 797 1433 uxorem,
817 1359 919 1419 littera
939 1365 1044 1437 questa
1064 1365 1117 1420 tua
1137 1366 1182 1418 est
1194 1406 1200 1420 .
1214 1407 1220 1420 .
1234 1402 1261 1418 ..

492 1475 621 1536 Fallitur
641 1477 697 1535 iste
719 1481 828 1552 tamen,
850 1494 910 1552 quo
931 1475 1028 1534 iudioe
1050 1477 1187 1535 nominor
1203 1476 1289 1535 exul:

537 1592 656 1651 Mollior
676 1597 721 1650 est
741 1591 859 1670 eulpam
881 1610 976 1669 poena
997 1597 1099 1651 secuta
1120 1610 1215 1650 meam
1229 1635 1236 1652 .
1250 1637 1257 1650 .
1270 1636 1297 1651 ..

493 1707 561 1784 Ipso
583 1707 718 1785 relegati,
740 1726 799 1767 non
820 1707 919 1767 exulis
940 1708 1036 1767 utitur
1056 1709 1086 1766 in
1110 1727 1156 1766 me

535 1821 663 1882 Nomine
675 1866 682 1881 .
696 1867 701 1880 .
715 1865 743 1881 ..

494 1938 535 1996 At
555 1943 589 1997 tu
609 1938 770 2015 fortunam,
792 1939 877 1998 ouius
900 1957 988 1998 rooor
1008 1938 1106 1998 exulis
1126 1958 1188 2016 ore,

532 2053 660 2114 Nomine
681 2053 814 2113 mendaoi
838 2073 925 2131 paros
946 2073 1073 2132 gravare
1094 2061 1205 2115 meam!

877 2171 937 2245 (Tr.
961 2171 997 2231 V.
1022 2174 1068 2238 11,
1095 2174 1109 2230 l
1144 2173 1173 2248 9,
1195 2174 1243 2242 21,
1265 2173 1302 2230 29
1324 2171 1412 2250 squ).

378 2364 614 2452 eognovimus
637 2363 746 2450 igitur
770 2363 885 2432 Ovidii
905 2364 1124 2453 temporibus
1143 2367 1343 2453 opinionem
1360 2366 1452 2454 vulgi

335 2508 402 2555 non
429 2488 620 2556 admodum
647 2495 818 2555 mutatam
843 2507 930 2570 esse,
954 2489 981 2556 si
1007 2509 1087 2556 oum
1113 2488 1290 2558 Ciceronis
1321 2511 1451 2580 aequa-

333 2610 425 2681 libus
448 2616 684 2700 comparetur.
711 2609 828 2700 Longe
851 2613 953 2680 aliter
977 2614 1020 2680 de
1045 2613 1218 2692 exulibus,
1244 2634 1333 2701 quos
1357 2634 1452 2684 nuno

335 2736 492 2825 politicos
527 2735 688 2816 dicimus,
724 2737 880 2804 sentiunt
902 2737 1006 2824 paulo
1031 2739 1241 2826 posteriores
1264 2739 1453 2826 scriptores

337 2881 474 2936 omnes,
508 2861 540 2928 ei
575 2861 718 2949 quidem
754 2861 815 2949 qui
839 2870 1029 2950 supersunt
1053 2882 1193 2931 summo
1221 2863 1296 2932 loco
1320 2864 1394 2930 nati
1417 2869 1452 2930 et

334 2985 548 3054 Graecorum
587 2984 874 3074 pbilosophorum
913 2987 1117 3075 praeceptis,
1152 3007 1243 3076 quae
1276 2987 1318 3052 de
1350 2986 1452 3054 exilio

334 3110 561 3198 cogitationes
581 3108 627 3176 ab
639 3109 794 3196 antiquis
808 3109 964 3177 diversus
976 3109 1117 3177 tradere
1129 3109 1298 3194 solebant,
1313 3111 1449 3180 imbuti.

379 3234 585 3323 Antiquitus
608 3233 643 3299 in
669 3231 816 3301 Graecia
842 3233 885 3300 de
909 3233 1071 3301 exulibus
1094 3233 1215 3300 eadem
1231 3235 1348 3323 opinio
1360 3255 1451 3324 quae

334 3357 464 3425 Rornae
499 3357 582 3440 fuit3
619 3358 761 3425 civitate
795 3357 871 3425 orbi
906 3357 1038 3445 ubique
1074 3358 1164 3425 sarri
1198 3364 1300 3426 erant
1318 3361 1357 3447 1).
1383 3359 1450 3428 Sed

334 3502 440 3549 eausa
481 3489 559 3549 erat
601 3501 666 3549 our
707 3480 804 3549 brevi
849 3481 1040 3570 ignominia
1076 3481 1304 3550 minueretur.
1324 3451 1452 3552 'Multo

334 3605 528 3676 crebriores
540 3606 574 3672 in
589 3605 732 3674 Graecis
741 3626 846 3692 quam
859 3607 892 3672 in
903 3605 1031 3674 Italicis
1045 3604 1191 3673 urbibus
1203 3625 1321 3673 rerum
1337 3616 1453 3675 muta-

334 3731 447 3798 tiones
469 3737 571 3798 erant
595 3737 702 3818 utque
716 3732 830 3798 omnis
842 3731 958 3809 santio,
972 3750 1062 3817 quae
1075 3730 1119 3797 ad
1132 3731 1298 3823 exiguum
1312 3737 1454 3821 tompus

334 3855 495 3942 superior
528 3855 650 3936 evasit,
674 3854 895 3923 adversarios
918 3875 989 3922 uno
1013 3855 1153 3942 agmine
1178 3855 1264 3923 urbe
1289 3855 1452 3943 pellebat.

335 3977 387 4046 Ita
422 3979 555 4047 laetum
591 3985 645 4046 est
681 3987 720 4046 ut
748 3980 858 4048 cuivis
882 3979 1036 4067 partium
1062 3979 1143 4047 duci
1167 3999 1306 4066 semper
1329 3981 1453 4048 eiectio

375 4275 404 4345 l)
447 4272 487 4333 Cl.
528 4292 551 4333 e.
587 4293 612 4351 g.
646 4273 777 4334 Fostel
814 4273 856 4333 de
889 4272 1097 4350 Coniunges
1129 4271 1166 4333 bu
1194 4272 1249 4333 cite
1277 4273 1394 4352 antique
1426 4293 1453 4353 p.

335 4388 392 4447 237
414 4405 456 4465 sq.
1315 4473 1331 4526 ὃ
