3778 5488
1022 700 1089 768 256

490 918 560 966 non
595 898 631 965 in
667 899 781 987 patria
816 897 1020 978 viventium,
1042 895 1168 964 deinde
1194 897 1357 980 ‚invenio
1381 897 1442 986 qui
1465 895 1608 966 dieant”

490 1023 590 1108 (sunt
612 1028 732 1091 autem
757 1023 874 1091 Stoici.
898 1021 1119 1090 Gieseoka
1141 1042 1175 1110 p.
1192 1020 1396 1110 101)inesse
1411 1021 1609 1090 naturalem

491 1146 670 1235 quandam
714 1148 946 1216 irritationem
991 1147 1118 1214 animis
1160 1145 1402 1216 commutandi
1437 1145 1538 1214 sedes
1576 1152 1612 1215 et

490 1271 727 1342 transferendi
759 1269 944 1354 domicilia,
978 1292 1058 1340 oum
1091 1271 1251 1341 caelestis
1286 1272 1331 1340 sit
1362 1271 1472 1339 animi
1503 1271 1611 1358 origo,

491 1397 657 1466 caelestia
679 1403 799 1465 autem
819 1398 939 1464 omnia
963 1402 1290 1486 moveanturatque
1303 1404 1465 1484 agantur.
1489 1395 1611 1485 Capite

492 1522 642 1611 septimo
665 1521 708 1589 ad
733 1527 847 1589 terras
871 1539 996 1590 rursus
1020 1519 1236 1589 descendens
1262 1521 1417 1589 humana
1446 1521 1610 1610 exempla

491 1645 602 1730 affert,
639 1645 768 1733 quibus
799 1646 914 1714 thesin
947 1643 1123 1714 defendat.
1148 1645 1270 1733 Capite
1294 1652 1418 1714 octavo
1443 1645 1612 1714 Varronis

491 1777 741 1859 argumentum
784 1809 828 1820 -
871 1771 964 1861 quod
1009 1789 1234 1860 quocumque
1277 1771 1450 1854 venimus,
1486 1768 1608 1838 eadem

491 1916 610 1964 rerum
647 1902 776 1964 natura
802 1895 975 1964 utendum
999 1903 1053 1964 est
1076 1935 1120 1948 —
1144 1902 1327 1964 tractatur.
1352 1893 1610 1983 Contemplatio

490 2021 584 2088 enim
622 2020 744 2089 mundi
777 2041 869 2110 „quo
904 2021 991 2089 nihil
1022 2041 1138 2109 neque
1171 2020 1284 2088 maius
1310 2039 1424 2108 neque
1449 2019 1608 2088 ornatius

491 2165 611 2214 rerum
635 2151 763 2214 natura
787 2146 909 2235 gannit
933 2143 967 2234 (ἕ
989 2144 1048 2232 4)”
1074 2146 1232 2213 animum
1258 2165 1279 2212 a
1302 2145 1452 2212 terrenis
1465 2143 1609 2214 abducit

491 2277 598 2358 atque
620 2271 670 2338 ita
698 2271 815 2339 virtuti
839 2271 1111 2359 appropinquat,
1136 2290 1243 2358 quam
1269 2269 1361 2337 bona
1384 2277 1540 2353 externa,
1570 2276 1610 2336 ut

493 2395 649 2483 porticus
683 2394 832 2478 caelum,
867 2393 1099 2463 abscondunt.
1131 2393 1204 2462 Iam
1243 2393 1393 2462 Brutum
1429 2399 1608 2464 auctorem

492 2525 634 2587 secutus
656 2520 821 2587 virtutem
843 2518 1038 2587 remedium
1054 2519 1147 2586 exiiii
1159 2538 1235 2587 esso
1247 2519 1408 2607 exponit,
1420 2517 1481 2587 sed
1496 2518 1610 2607 capite

492 2641 628 2710 decimo
662 2641 705 2709 ad
731 2648 975 2731 paupertatem
1001 2643 1138 2726 transit,
1164 2663 1272 2732 quam
1295 2643 1399 2712 exilio
1420 2643 1522 2732 plane
1548 2661 1610 2710 ne-

490 2766 604 2854 glecto
628 2767 676 2834 ita
698 2772 839 2845 tractat,
865 2773 904 2834 ut
928 2767 963 2834 in
977 2766 1152 2835 luxuriam
1167 2767 1374 2852 invehatur3
1387 2769 1506 2856 itaque
1518 2779 1609 2856 quae

491 2898 689 2978 sequuntur
711 2891 755 2958 ad
781 2898 937 2960 nostram
962 2911 1036 2958 rem
1061 2891 1147 2959 nihii
1170 2891 1306 2960 faciunt
1319 2900 1459 2980 praeter
1471 2891 1610 2980 singula

490 3014 664 3104 quaedam
697 3014 740 3083 de
776 3015 967 3104 ignominia
1001 3021 1036 3084 et
1070 3022 1287 3104 contemptu,
1312 3015 1508 3104 dequibus
1534 3014 1610 3082 vide

491 3161 524 3230 p.
549 3139 593 3208 82
617 3161 668 3228 sq.

538 3265 631 3332 Haeo
666 3266 793 3333 mentis
827 3264 985 3334 condicio
1021 3263 1206 3332 videbatur
1241 3265 1402 3348 hominis,
1438 3265 1498 3353 qni
1534 3265 1608 3353 ipse

491 3391 597 3458 matri
620 3390 793 3459 indicarat
818 3390 908 3458 vieta
932 3389 1075 3458 fortuna
1097 3387 1185 3476 (1.1)
1208 3409 1244 3457 se
1258 3409 1327 3457 non
1341 3409 1416 3457 esse
1429 3389 1609 3473 miserum,

491 3533 535 3582 ne
571 3511 648 3582 fieri
681 3512 823 3602 quidem
860 3534 897 3581 se
921 3533 1021 3602 posse
1046 3515 1215 3582 miserum
1240 3512 1334 3600 (4.3),
1359 3515 1492 3602 quique
1515 3513 1610 3582 evol-

491 3637 613 3705 vendis
636 3637 800 3706 omnibus
823 3638 1099 3708 clarissimorum
1123 3639 1346 3726 ingeniorum
1371 3639 1609 3707 monumentis

491 3762 536 3830 ad
559 3762 832 3851 compescendos
853 3761 1156 3851 moderandosque
1176 3762 1293 3832 luctus
1306 3763 1610 3852 compositistem-

491 3907 557 3976 pus
598 3888 754 3956 triverat.
798 3887 865 3956 Sed
899 3907 979 3956 mox
1014 3887 1100 3957 haec
1138 3887 1377 3976 philosophica
1411 3887 1609 3977 occupatio,

490 4031 581 4099 quae
615 4011 725 4080 solitis
748 4011 1063 4080 administrationis
1087 4011 1260 4080 bonorum
1285 4032 1431 4080 suorum
1456 4033 1607 4102 occupa-

491 4136 645 4205 tionibus
679 4135 900 4219 succedebat,
938 4135 1071 4204 homini
1105 4135 1149 4204 ad
1187 4135 1427 4205 meditandum
1466 4137 1609 4203 minime

491 4279 664 4348 propenso
687 4261 758 4327 iam
783 4280 852 4328 non
877 4260 1083 4344 sufficiebat,
1099 4261 1149 4328 ita
1162 4267 1202 4328 ut
1213 4259 1317 4350 longo
1330 4261 1400 4328 situ
1414 4259 1610 4330 obsolesce-

491 4388 546 4451 ret
571 4389 607 4451 et
639 4384 864 4454 hebetaretur
897 4386 1038 4454 animus
1076 4385 1134 4471 (ad
1170 4385 1241 4454 Pol.
1274 4384 1377 4471 189).
1403 4385 1464 4454 Sin
1488 4392 1608 4455 autam
