3778 5488
874 721 939 790 264

436 924 529 1006 Scin,
555 921 645 992 himo
668 942 798 1010 quam
823 919 909 989 dicit
931 917 1147 987 sbrdidatam
1169 925 1206 988 et
1229 915 1421 1000 hbm‘dm

437 1047 605 1136 Magnum
631 1045 696 1116 hdo
719 1065 861 1135 qnoque
885 1045 1070 1134 signumst,
1082 1041 1261 1112 dbminam
1275 1061 1352 1111 esse
1364 1047 1465 1110 extra

1253 1165 1421 1258 [nbxiam.

390 1297 562 1387 Legatum
588 1297 679 1364 hanc
702 1315 833 1385 quom
857 1295 942 1363 dicit
964 1297 1087 1383 (quom
1110 1315 1151 1350 =
1173 1291 1295 1382 quod).

860 1487 947 1556 v111.

345 1662 390 1730 ib.
416 1682 465 1731 vs.
489 1659 579 1729 1060
602 1680 673 1750 sq.:

390 1786 591 1856 Sosmm:
621 1783 734 1853 Gnate
750 1773 807 1852 ¹mi
831 1803 895 1872 ego
920 1782 976 1872 pol
1000 1783 1064 1851 tibi
1088 1782 1179 1851 dabo
1191 1783 1287 1851 illam
1301 1782 1465 1872 Ιὸρίἀαω,

887 1905 1011 1998 [quam
1035 1915 1075 1976 tu
1099 1906 1201 1976 simile
1223 1927 1331 1992 amm,

595 2034 719 2103 Filiam
744 2031 985 2102 Phanbcratae
1008 2033 1130 2101 nostri.

390 2160 516 2242 Verba,
552 2179 643 2248 quae
680 2165 880 2247 sequuntur
915 2164 992 2246 post
1024 2156 1158 2242 „Gm'aete
1185 2157 1252 2225 mi”
1277 2156 1464 2226 Cunnum

347 2282 574 2355 attribuenda
597 2289 689 2351 sunt.

882 2478 941 2546 lx.

391 2675 490 2745 Ovid.
517 2674 656 2744 norom.
684 2672 827 2740 v1175:
969 2649 973 2657 ’

524 2799 596 2868 Nec
621 2798 707 2867 mihi
731 2805 769 2866 tu
795 2818 912 2867 curae.

345 2923 578 2995 Scribendum
602 2943 678 2992 esse
704 2929 809 3013 puto:

524 3048 597 3118 Nec
619 3053 660 3116 tu
685 3068 740 3116 me
764 3067 876 3117 cures.

890 3243 931 3311 X.

391 3413 491 3482 Ovid.
515 3413 571 3482 Tr.
597 3412 640 3482 lV
665 3410 760 3482 9.13:

413 3536 456 3606 Et
480 3538 642 3628 patriam,
669 3537 771 3607 modo
795 3537 855 3606 sit
879 3556 1008 3626 sospes,
1032 3556 1217 3627 speramus
1239 3537 1285 3606 ab
1308 3536 1377 3607 illo.

390 3661 459 3732 Pro
482 3663 544 3730 sit
567 3661 754 3752 legendum
778 3682 855 3731 esse
878 3681 1021 3731 censeo:
1046 3662 1141 3729 sim.

882 3859 942 3927 XI.

387 4041 486 4110 Ovid.
511 4063 555 4111 ex
577 4043 614 4113 P.
639 4043 749 4113 1521
777 4064 846 4134 sq.:

345 4166 501 4257 Torquet
524 4168 618 4235 enim
642 4167 786 4237 fortuna
809 4190 947 4258 parum,
972 4169 1038 4237 nisi
1060 4169 1179 4238 Lissus
1202 4171 1236 4238 in
1264 4170 1420 4240 Hebrum

390 4291 562 4372 Confluat,
586 4299 621 4360 et
644 4292 832 4362 frondes
855 4293 1003 4383 Alpibus
1026 4294 1133 4363 addat
1156 4293 1273 4364 Atho?

389 4414 456 4484 Pro
480 4417 668 4486 frondes
691 4417 878 4508 legendum
901 4423 955 4486 est
978 4417 1142 4489 fonteS.
