<?xml version="1.0" encoding="UTF-8"?>
<!DOCTYPE html PUBLIC "-//W3C//DTD XHTML 1.0 Transitional//EN"
    "http://www.w3.org/TR/xhtml1/DTD/xhtml1-transitional.dtd">
<html xmlns="http://www.w3.org/1999/xhtml" xml:lang="en" lang="en">
 <head>
  <title>
</title>
<meta http-equiv="Content-Type" content="text/html;charset=utf-8" />
  <meta name='ocr-system' content='tesseract 3.04.00' />
  <meta name='ocr-capabilities' content='ocr_page ocr_carea ocr_par ocr_line ocrx_word'/>
</head>
<body>
  <div class='ocr_page' id='page_1' title='image "./exulumtriassive00leopgoog_0153.png"; bbox 0 0 3792 5486; ppageno 0'>
   <div class='ocr_carea' id='block_1_1' title="bbox 918 683 985 752">
    <p class='ocr_par' dir='ltr' id='par_1_1' title="bbox 918 683 985 752">
     <span class='ocr_line' id='line_1_1' title="bbox 918 683 985 752; baseline 0.03 -2"><span class='ocrx_word' id='word_1_1' title='bbox 918 683 985 752; x_wconf 80' lang='lat'>140</span> 
     </span>
    </p>
   </div>
   <div class='ocr_carea' id='block_1_2' title="bbox 389 879 1524 4465">
    <p class='ocr_par' dir='ltr' id='par_1_2' title="bbox 389 879 1524 3320">
     <span class='ocr_line' id='line_1_2' title="bbox 389 879 1506 970; baseline 0 -21"><span class='ocrx_word' id='word_1_2' title='bbox 389 880 590 949; x_wconf 84' lang='lat' dir='ltr'>familiaris:</span> <span class='ocrx_word' id='word_1_3' title='bbox 627 879 738 964; x_wconf 90' lang='lat' dir='ltr'>„Illud</span> <span class='ocrx_word' id='word_1_4' title='bbox 772 880 882 960; x_wconf 85' lang='lat' dir='ltr'>doleo,</span> <span class='ocrx_word' id='word_1_5' title='bbox 905 901 996 969; x_wconf 89' lang='lat' dir='ltr'>quae</span> <span class='ocrx_word' id='word_1_6' title='bbox 1016 882 1175 970; x_wconf 87' lang='lat' dir='ltr'>impensa</span> <span class='ocrx_word' id='word_1_7' title='bbox 1199 881 1361 950; x_wconf 82' lang='lat' dir='ltr'>facienda</span> <span class='ocrx_word' id='word_1_8' title='bbox 1383 886 1446 966; x_wconf 93' lang='lat' dir='ltr'>est,</span> <span class='ocrx_word' id='word_1_9' title='bbox 1470 881 1506 949; x_wconf 94' lang='lat' dir='ltr'>in</span> 
     </span>
     <span class='ocr_line' id='line_1_3' title="bbox 391 1005 1504 1095; baseline -0.002 -21"><span class='ocrx_word' id='word_1_10' title='bbox 391 1007 467 1074; x_wconf 88' lang='lat' dir='ltr'>eius</span> <span class='ocrx_word' id='word_1_11' title='bbox 502 1015 639 1095; x_wconf 85' lang='lat' dir='ltr'>partem</span> <span class='ocrx_word' id='word_1_12' title='bbox 671 1011 705 1073; x_wconf 91' lang='lat' dir='ltr'>te</span> <span class='ocrx_word' id='word_1_13' title='bbox 742 1007 907 1073; x_wconf 77' lang='lat' dir='ltr'><strong>miseram</strong></span> <span class='ocrx_word' id='word_1_14' title='bbox 934 1013 969 1073; x_wconf 88' lang='lat' dir='ltr'>et</span> <span class='ocrx_word' id='word_1_15' title='bbox 992 1005 1223 1095; x_wconf 81' lang='lat' dir='ltr'>despoliatam</span> <span class='ocrx_word' id='word_1_16' title='bbox 1252 1007 1380 1074; x_wconf 85' lang='lat' dir='ltr'>venire.</span> <span class='ocrx_word' id='word_1_17' title='bbox 1405 1005 1504 1086; x_wconf 84' lang='lat' dir='ltr'>Quod</span> 
     </span>
     <span class='ocr_line' id='line_1_4' title="bbox 389 1129 1508 1219; baseline 0.001 -22"><span class='ocrx_word' id='word_1_18' title='bbox 389 1131 417 1198; x_wconf 90' lang='lat' dir='ltr'>si</span> <span class='ocrx_word' id='word_1_19' title='bbox 441 1129 628 1199; x_wconf 88' lang='lat' dir='ltr'>conficitur</span> <span class='ocrx_word' id='word_1_20' title='bbox 653 1131 843 1219; x_wconf 79' lang='lat' dir='ltr'>negotium,</span> <span class='ocrx_word' id='word_1_21' title='bbox 868 1130 986 1198; x_wconf 89' lang='lat' dir='ltr'>omnia</span> <span class='ocrx_word' id='word_1_22' title='bbox 1010 1150 1287 1219; x_wconf 72' lang='lat' dir='ltr'>consequemur,</span> <span class='ocrx_word' id='word_1_23' title='bbox 1310 1132 1363 1199; x_wconf 91' lang='lat' dir='ltr'>sin</span> <span class='ocrx_word' id='word_1_24' title='bbox 1384 1131 1508 1198; x_wconf 87' lang='lat' dir='ltr'>eadem</span> 
     </span>
     <span class='ocr_line' id='line_1_5' title="bbox 389 1254 1508 1345; baseline 0 -23"><span class='ocrx_word' id='word_1_25' title='bbox 389 1275 453 1323; x_wconf 90' lang='lat' dir='ltr'>nos</span> <span class='ocrx_word' id='word_1_26' title='bbox 476 1254 620 1323; x_wconf 82' lang='lat' dir='ltr'>fortuna</span> <span class='ocrx_word' id='word_1_27' title='bbox 644 1263 790 1344; x_wconf 81' lang='lat' dir='ltr'>premet,</span> <span class='ocrx_word' id='word_1_28' title='bbox 815 1257 968 1324; x_wconf 82' lang='lat' dir='ltr'>etiamne</span> <span class='ocrx_word' id='word_1_29' title='bbox 992 1257 1158 1345; x_wconf 83' lang='lat' dir='ltr'>reliquias</span> <span class='ocrx_word' id='word_1_30' title='bbox 1182 1265 1262 1324; x_wconf 90' lang='lat' dir='ltr'>tuas</span> <span class='ocrx_word' id='word_1_31' title='bbox 1274 1257 1402 1324; x_wconf 86' lang='lat' dir='ltr'>misera</span> <span class='ocrx_word' id='word_1_32' title='bbox 1415 1256 1508 1345; x_wconf 90' lang='lat' dir='ltr'>proi·</span> 
     </span>
     <span class='ocr_line' id='line_1_6' title="bbox 389 1379 1509 1470; baseline -0.001 -23"><span class='ocrx_word' id='word_1_33' title='bbox 389 1379 481 1448; x_wconf 83' lang='lat' dir='ltr'>ciesl</span> <span class='ocrx_word' id='word_1_34' title='bbox 516 1379 670 1448; x_wconf 86' lang='lat' dir='ltr'>Obsecro</span> <span class='ocrx_word' id='word_1_35' title='bbox 701 1387 747 1461; x_wconf 90' lang='lat' dir='ltr'>te,</span> <span class='ocrx_word' id='word_1_36' title='bbox 772 1401 850 1448; x_wconf 91' lang='lat' dir='ltr'>mea</span> <span class='ocrx_word' id='word_1_37' title='bbox 875 1381 955 1461; x_wconf 91' lang='lat' dir='ltr'>vita,</span> <span class='ocrx_word' id='word_1_38' title='bbox 979 1382 1071 1470; x_wconf 91' lang='lat' dir='ltr'>quod</span> <span class='ocrx_word' id='word_1_39' title='bbox 1097 1380 1140 1448; x_wconf 88' lang='lat' dir='ltr'>ad</span> <span class='ocrx_word' id='word_1_40' title='bbox 1166 1388 1346 1469; x_wconf 91' lang='lat' dir='ltr'>sumptum</span> <span class='ocrx_word' id='word_1_41' title='bbox 1372 1381 1509 1461; x_wconf 86' lang='lat' dir='ltr'>attinet,</span> 
     </span>
     <span class='ocr_line' id='line_1_7' title="bbox 389 1501 1507 1592; baseline 0.001 -23"><span class='ocrx_word' id='word_1_42' title='bbox 389 1504 464 1570; x_wconf 91' lang='lat' dir='ltr'>sine</span> <span class='ocrx_word' id='word_1_43' title='bbox 496 1501 593 1586; x_wconf 78' lang='lat' dir='ltr'>alioS,</span> <span class='ocrx_word' id='word_1_44' title='bbox 624 1505 685 1592; x_wconf 92' lang='lat' dir='ltr'>qui</span> <span class='ocrx_word' id='word_1_45' title='bbox 721 1510 878 1592; x_wconf 89' lang='lat' dir='ltr'>possunt,</span> <span class='ocrx_word' id='word_1_46' title='bbox 914 1506 944 1573; x_wconf 89' lang='lat' dir='ltr'>si</span> <span class='ocrx_word' id='word_1_47' title='bbox 969 1505 1071 1574; x_wconf 93' lang='lat' dir='ltr'>modo</span> <span class='ocrx_word' id='word_1_48' title='bbox 1098 1504 1229 1585; x_wconf 88' lang='lat' dir='ltr'>volunt,</span> <span class='ocrx_word' id='word_1_49' title='bbox 1253 1505 1427 1573; x_wconf 89' lang='lat' dir='ltr'>sustinere</span> <span class='ocrx_word' id='word_1_50' title='bbox 1448 1503 1507 1592; x_wconf 91' lang='lat' dir='ltr'>(ad</span> 
     </span>
     <span class='ocr_line' id='line_1_8' title="bbox 389 1627 1508 1717; baseline 0.002 -23"><span class='ocrx_word' id='word_1_51' title='bbox 389 1628 413 1696; x_wconf 86' lang='lat' dir='ltr'>t.</span> <span class='ocrx_word' id='word_1_52' title='bbox 453 1628 530 1696; x_wconf 85' lang='lat' dir='ltr'>XIV</span> <span class='ocrx_word' id='word_1_53' title='bbox 564 1627 645 1717; x_wconf 69' lang='lat'>23).</span> <span class='ocrx_word' id='word_1_54' title='bbox 682 1628 783 1709; x_wconf 84' lang='lat' dir='ltr'>Quod</span> <span class='ocrx_word' id='word_1_55' title='bbox 818 1629 860 1696; x_wconf 92' lang='lat' dir='ltr'>ad</span> <span class='ocrx_word' id='word_1_56' title='bbox 900 1651 965 1708; x_wconf 91' lang='lat' dir='ltr'>me,</span> <span class='ocrx_word' id='word_1_57' title='bbox 1002 1651 1079 1698; x_wconf 90' lang='lat' dir='ltr'>mea</span> <span class='ocrx_word' id='word_1_58' title='bbox 1114 1629 1288 1710; x_wconf 78' lang='lat' dir='ltr'>Terentia,</span> <span class='ocrx_word' id='word_1_59' title='bbox 1325 1627 1449 1698; x_wconf 90' lang='lat' dir='ltr'>scribis</span> <span class='ocrx_word' id='word_1_60' title='bbox 1473 1635 1508 1696; x_wconf 92' lang='lat' dir='ltr'>te</span> 
     </span>
     <span class='ocr_line' id='line_1_9' title="bbox 392 1751 1509 1841; baseline 0.001 -21"><span class='ocrx_word' id='word_1_61' title='bbox 392 1753 506 1821; x_wconf 89' lang='lat' dir='ltr'>vicum</span> <span class='ocrx_word' id='word_1_62' title='bbox 533 1751 767 1835; x_wconf 82' lang='lat' dir='ltr'>venditurum,</span> <span class='ocrx_word' id='word_1_63' title='bbox 792 1752 887 1841; x_wconf 92' lang='lat' dir='ltr'>quid,</span> <span class='ocrx_word' id='word_1_64' title='bbox 912 1754 1057 1823; x_wconf 90' lang='lat' dir='ltr'>obsecro</span> <span class='ocrx_word' id='word_1_65' title='bbox 1080 1753 1509 1837; x_wconf 89' lang='lat' dir='ltr'>te,-memiserum!—</span> 
     </span>
     <span class='ocr_line' id='line_1_10' title="bbox 390 1877 1507 1970; baseline 0 -26"><span class='ocrx_word' id='word_1_66' title='bbox 390 1878 476 1966; x_wconf 91' lang='lat' dir='ltr'>quid</span> <span class='ocrx_word' id='word_1_67' title='bbox 499 1877 666 1948; x_wconf 82' lang='lat' dir='ltr'>futurum</span> <span class='ocrx_word' id='word_1_68' title='bbox 687 1879 762 1946; x_wconf 84' lang='lat' dir='ltr'>estl</span> <span class='ocrx_word' id='word_1_69' title='bbox 784 1886 819 1946; x_wconf 88' lang='lat' dir='ltr'>et</span> <span class='ocrx_word' id='word_1_70' title='bbox 843 1879 871 1947; x_wconf 92' lang='lat' dir='ltr'>si</span> <span class='ocrx_word' id='word_1_71' title='bbox 894 1900 959 1948; x_wconf 90' lang='lat' dir='ltr'>uos</span> <span class='ocrx_word' id='word_1_72' title='bbox 971 1885 1109 1970; x_wconf 86' lang='lat' dir='ltr'>premet</span> <span class='ocrx_word' id='word_1_73' title='bbox 1120 1879 1243 1948; x_wconf 91' lang='lat' dir='ltr'>eadem</span> <span class='ocrx_word' id='word_1_74' title='bbox 1257 1880 1410 1961; x_wconf 81' lang='lat' dir='ltr'>fortuna,</span> <span class='ocrx_word' id='word_1_75' title='bbox 1423 1877 1507 1966; x_wconf 91' lang='lat' dir='ltr'>quid</span> 
     </span>
     <span class='ocr_line' id='line_1_11' title="bbox 390 2001 1509 2093; baseline -0.002 -23"><span class='ocrx_word' id='word_1_76' title='bbox 390 2023 501 2092; x_wconf 89' lang='lat' dir='ltr'>puero</span> <span class='ocrx_word' id='word_1_77' title='bbox 527 2003 654 2071; x_wconf 91' lang='lat' dir='ltr'>misero</span> <span class='ocrx_word' id='word_1_78' title='bbox 679 2001 762 2072; x_wconf 85' lang='lat' dir='ltr'>fiett</span> <span class='ocrx_word' id='word_1_79' title='bbox 786 2003 862 2072; x_wconf 92' lang='lat' dir='ltr'>Non</span> <span class='ocrx_word' id='word_1_80' title='bbox 888 2024 979 2093; x_wconf 94' lang='lat' dir='ltr'>queo</span> <span class='ocrx_word' id='word_1_81' title='bbox 1003 2004 1139 2092; x_wconf 89' lang='lat' dir='ltr'>reliqua</span> <span class='ocrx_word' id='word_1_82' title='bbox 1163 2003 1315 2072; x_wconf 90' lang='lat' dir='ltr'>scribere</span> <span class='ocrx_word' id='word_1_83' title='bbox 1343 2041 1384 2051; x_wconf 97' lang='lat'><em>-</em></span> <span class='ocrx_word' id='word_1_84' title='bbox 1409 2008 1509 2070; x_wconf 86' lang='lat' dir='ltr'>tanta</span> 
     </span>
     <span class='ocr_line' id='line_1_12' title="bbox 393 2125 1509 2217; baseline -0.002 -23"><span class='ocrx_word' id='word_1_85' title='bbox 393 2128 443 2196; x_wconf 87' lang='lat' dir='ltr'>vis</span> <span class='ocrx_word' id='word_1_86' title='bbox 467 2126 694 2196; x_wconf 86' lang='lat' dir='ltr'>lacrimarum</span> <span class='ocrx_word' id='word_1_87' title='bbox 719 2136 772 2197; x_wconf 91' lang='lat' dir='ltr'>est</span> <span class='ocrx_word' id='word_1_88' title='bbox 798 2169 849 2214; x_wconf 86' lang='lat'>—,</span> <span class='ocrx_word' id='word_1_89' title='bbox 873 2149 989 2217; x_wconf 90' lang='lat' dir='ltr'>neque</span> <span class='ocrx_word' id='word_1_90' title='bbox 1013 2135 1046 2196; x_wconf 89' lang='lat' dir='ltr'>te</span> <span class='ocrx_word' id='word_1_91' title='bbox 1070 2130 1106 2196; x_wconf 91' lang='lat' dir='ltr'>in</span> <span class='ocrx_word' id='word_1_92' title='bbox 1130 2128 1281 2196; x_wconf 87' lang='lat' dir='ltr'>eundem</span> <span class='ocrx_word' id='word_1_93' title='bbox 1307 2127 1429 2195; x_wconf 89' lang='lat' dir='ltr'>tletum</span> <span class='ocrx_word' id='word_1_94' title='bbox 1446 2125 1509 2193; x_wconf 91' lang='lat' dir='ltr'>ad-</span> 
     </span>
     <span class='ocr_line' id='line_1_13' title="bbox 390 2250 1509 2340; baseline 0 -22"><span class='ocrx_word' id='word_1_95' title='bbox 390 2251 537 2336; x_wconf 87' lang='lat' dir='ltr'>ducam;</span> <span class='ocrx_word' id='word_1_96' title='bbox 564 2258 703 2321; x_wconf 86' lang='lat' dir='ltr'>tantum</span> <span class='ocrx_word' id='word_1_97' title='bbox 728 2254 857 2322; x_wconf 88' lang='lat' dir='ltr'>scribo:</span> <span class='ocrx_word' id='word_1_98' title='bbox 881 2254 911 2321; x_wconf 91' lang='lat' dir='ltr'>si</span> <span class='ocrx_word' id='word_1_99' title='bbox 933 2259 1040 2322; x_wconf 89' lang='lat' dir='ltr'>eruut</span> <span class='ocrx_word' id='word_1_100' title='bbox 1053 2254 1089 2321; x_wconf 92' lang='lat' dir='ltr'>in</span> <span class='ocrx_word' id='word_1_101' title='bbox 1104 2251 1219 2321; x_wconf 87' lang='lat' dir='ltr'>officio</span> <span class='ocrx_word' id='word_1_102' title='bbox 1231 2251 1347 2331; x_wconf 91' lang='lat' dir='ltr'>amici,</span> <span class='ocrx_word' id='word_1_103' title='bbox 1359 2250 1509 2340; x_wconf 89' lang='lat' dir='ltr'>pecunia</span> 
     </span>
     <span class='ocr_line' id='line_1_14' title="bbox 392 2376 1508 2466; baseline -0.002 -22"><span class='ocrx_word' id='word_1_104' title='bbox 392 2397 461 2445; x_wconf 91' lang='lat' dir='ltr'>non</span> <span class='ocrx_word' id='word_1_105' title='bbox 497 2376 625 2462; x_wconf 88' lang='lat' dir='ltr'>deerit;</span> <span class='ocrx_word' id='word_1_106' title='bbox 661 2379 690 2445; x_wconf 92' lang='lat' dir='ltr'>si</span> <span class='ocrx_word' id='word_1_107' title='bbox 718 2399 787 2446; x_wconf 90' lang='lat' dir='ltr'>non</span> <span class='ocrx_word' id='word_1_108' title='bbox 812 2385 928 2462; x_wconf 90' lang='lat' dir='ltr'>erunt,</span> <span class='ocrx_word' id='word_1_109' title='bbox 951 2386 989 2446; x_wconf 92' lang='lat' dir='ltr'>tu</span> <span class='ocrx_word' id='word_1_110' title='bbox 1015 2377 1155 2447; x_wconf 85' lang='lat' dir='ltr'>ellicere</span> <span class='ocrx_word' id='word_1_111' title='bbox 1179 2384 1241 2446; x_wconf 91' lang='lat' dir='ltr'>tua</span> <span class='ocrx_word' id='word_1_112' title='bbox 1265 2376 1414 2466; x_wconf 89' lang='lat' dir='ltr'>pecunia</span> <span class='ocrx_word' id='word_1_113' title='bbox 1438 2395 1508 2443; x_wconf 92' lang='lat' dir='ltr'>nou</span> 
     </span>
     <span class='ocr_line' id='line_1_15' title="bbox 392 2473 1524 2592; baseline -0.003 -23"><span class='ocrx_word' id='word_1_114' title='bbox 392 2501 522 2590; x_wconf 90' lang='lat' dir='ltr'>poteris</span> <span class='ocrx_word' id='word_1_115' title='bbox 545 2501 607 2589; x_wconf 86' lang='lat' dir='ltr'>(ib.</span> <span class='ocrx_word' id='word_1_116' title='bbox 631 2502 734 2592; x_wconf 86' lang='lat' dir='ltr'>t.5).”</span> <span class='ocrx_word' id='word_1_117' title='bbox 759 2502 797 2570; x_wconf 94' lang='lat' dir='ltr'>ln</span> <span class='ocrx_word' id='word_1_118' title='bbox 822 2523 893 2592; x_wconf 89' lang='lat' dir='ltr'>qua</span> <span class='ocrx_word' id='word_1_119' title='bbox 916 2523 954 2570; x_wconf 89' lang='lat' dir='ltr'>re</span> <span class='ocrx_word' id='word_1_120' title='bbox 978 2503 1194 2572; x_wconf 88' lang='lat' dir='ltr'>recensenda</span> <span class='ocrx_word' id='word_1_121' title='bbox 1212 2519 1385 2570; x_wconf 90' lang='lat' dir='ltr'>memores</span> <span class='ocrx_word' id='word_1_122' title='bbox 1397 2473 1524 2568; x_wconf 52' lang='lat' dir='ltr'>simus&#39;</span> 
     </span>
     <span class='ocr_line' id='line_1_16' title="bbox 391 2623 1507 2716; baseline -0.002 -23"><span class='ocrx_word' id='word_1_123' title='bbox 391 2626 426 2693; x_wconf 93' lang='lat' dir='ltr'>in</span> <span class='ocrx_word' id='word_1_124' title='bbox 451 2627 600 2694; x_wconf 87' lang='lat' dir='ltr'>summis</span> <span class='ocrx_word' id='word_1_125' title='bbox 624 2628 783 2706; x_wconf 76' lang='lat' dir='ltr'>miseriis</span> <span class='ocrx_word' id='word_1_126' title='bbox 806 2648 898 2716; x_wconf 85' lang='lat' dir='ltr'>quae</span> <span class='ocrx_word' id='word_1_127' title='bbox 923 2628 1074 2696; x_wconf 80' lang='lat' dir='ltr'>maxime</span> <span class='ocrx_word' id='word_1_128' title='bbox 1098 2627 1282 2695; x_wconf 91' lang='lat' dir='ltr'>homiuum</span> <span class='ocrx_word' id='word_1_129' title='bbox 1306 2627 1444 2693; x_wconf 88' lang='lat' dir='ltr'>animos</span> <span class='ocrx_word' id='word_1_130' title='bbox 1462 2623 1507 2691; x_wconf 91' lang='lat' dir='ltr'>ad</span> 
     </span>
     <span class='ocr_line' id='line_1_17' title="bbox 391 2751 1507 2841; baseline -0.003 -21"><span class='ocrx_word' id='word_1_131' title='bbox 391 2751 574 2820; x_wconf 88' lang='lat' dir='ltr'>obrussam</span> <span class='ocrx_word' id='word_1_132' title='bbox 600 2753 754 2841; x_wconf 82' lang='lat' dir='ltr'>exigunt,</span> <span class='ocrx_word' id='word_1_133' title='bbox 778 2757 814 2820; x_wconf 94' lang='lat' dir='ltr'>et</span> <span class='ocrx_word' id='word_1_134' title='bbox 826 2760 960 2840; x_wconf 85' lang='lat' dir='ltr'>patrem</span> <span class='ocrx_word' id='word_1_135' title='bbox 976 2751 1037 2819; x_wconf 87' lang='lat' dir='ltr'>filii</span> <span class='ocrx_word' id='word_1_136' title='bbox 1049 2757 1085 2820; x_wconf 89' lang='lat' dir='ltr'>et</span> <span class='ocrx_word' id='word_1_137' title='bbox 1098 2772 1241 2820; x_wconf 82' lang='lat' dir='ltr'>uxorem</span> <span class='ocrx_word' id='word_1_138' title='bbox 1257 2751 1374 2819; x_wconf 89' lang='lat' dir='ltr'>mariti</span> <span class='ocrx_word' id='word_1_139' title='bbox 1388 2769 1507 2818; x_wconf 88' lang='lat' dir='ltr'>amore</span> 
     </span>
     <span class='ocr_line' id='line_1_18' title="bbox 391 2874 1508 2966; baseline -0.001 -24"><span class='ocrx_word' id='word_1_140' title='bbox 391 2884 569 2965; x_wconf 90' lang='lat' dir='ltr'>permotos</span> <span class='ocrx_word' id='word_1_141' title='bbox 591 2897 633 2944; x_wconf 87' lang='lat' dir='ltr'>ea</span> <span class='ocrx_word' id='word_1_142' title='bbox 655 2877 882 2960; x_wconf 87' lang='lat' dir='ltr'>condonasse,</span> <span class='ocrx_word' id='word_1_143' title='bbox 906 2897 997 2966; x_wconf 88' lang='lat' dir='ltr'>quae</span> <span class='ocrx_word' id='word_1_144' title='bbox 1022 2883 1171 2965; x_wconf 83' lang='lat' dir='ltr'>uterque</span> <span class='ocrx_word' id='word_1_145' title='bbox 1195 2897 1335 2945; x_wconf 90' lang='lat' dir='ltr'>summa</span> <span class='ocrx_word' id='word_1_146' title='bbox 1355 2874 1422 2942; x_wconf 90' lang='lat' dir='ltr'>sibi</span> <span class='ocrx_word' id='word_1_147' title='bbox 1443 2894 1508 2963; x_wconf 91' lang='lat' dir='ltr'>pu·</span> 
     </span>
     <span class='ocr_line' id='line_1_19' title="bbox 391 2999 1507 3092; baseline -0.001 -24"><span class='ocrx_word' id='word_1_148' title='bbox 391 3006 500 3070; x_wconf 85' lang='lat' dir='ltr'>taret:</span> <span class='ocrx_word' id='word_1_149' title='bbox 524 3009 701 3070; x_wconf 88' lang='lat' dir='ltr'>oratorem</span> <span class='ocrx_word' id='word_1_150' title='bbox 725 3023 822 3092; x_wconf 91' lang='lat' dir='ltr'>spem</span> <span class='ocrx_word' id='word_1_151' title='bbox 848 3003 1110 3091; x_wconf 77' lang='lat' dir='ltr'>recuperandae</span> <span class='ocrx_word' id='word_1_152' title='bbox 1134 3001 1275 3090; x_wconf 84' lang='lat' dir='ltr'>gloriae,</span> <span class='ocrx_word' id='word_1_153' title='bbox 1307 2999 1507 3068; x_wconf 86' lang='lat' dir='ltr'>Terentiam</span> 
     </span>
     <span class='ocr_line' id='line_1_20' title="bbox 391 3126 1508 3216; baseline 0 -23"><span class='ocrx_word' id='word_1_154' title='bbox 391 3126 539 3194; x_wconf 89' lang='lat' dir='ltr'>nimium</span> <span class='ocrx_word' id='word_1_155' title='bbox 577 3128 745 3215; x_wconf 87' lang='lat' dir='ltr'>pecuniae</span> <span class='ocrx_word' id='word_1_156' title='bbox 783 3148 940 3196; x_wconf 90' lang='lat' dir='ltr'>amorem</span> <span class='ocrx_word' id='word_1_157' title='bbox 977 3127 1071 3216; x_wconf 89' lang='lat' dir='ltr'>quod</span> <span class='ocrx_word' id='word_1_158' title='bbox 1109 3127 1232 3195; x_wconf 88' lang='lat' dir='ltr'>vitium</span> <span class='ocrx_word' id='word_1_159' title='bbox 1255 3128 1292 3195; x_wconf 90' lang='lat' dir='ltr'>in</span> <span class='ocrx_word' id='word_1_160' title='bbox 1323 3147 1365 3194; x_wconf 88' lang='lat' dir='ltr'>ea</span> <span class='ocrx_word' id='word_1_161' title='bbox 1399 3126 1508 3193; x_wconf 85' lang='lat' dir='ltr'>maxi·</span> 
     </span>
     <span class='ocr_line' id='line_1_21' title="bbox 393 3258 600 3320; baseline 0.01 -2"><span class='ocrx_word' id='word_1_162' title='bbox 393 3271 491 3319; x_wconf 90' lang='lat' dir='ltr'>mum</span> <span class='ocrx_word' id='word_1_163' title='bbox 514 3258 600 3320; x_wconf 89' lang='lat' dir='ltr'>erat.</span> 
     </span>
    </p>

    <p class='ocr_par' dir='ltr' id='par_1_3' title="bbox 391 3374 1511 4465">
     <span class='ocr_line' id='line_1_22' title="bbox 437 3374 1509 3465; baseline -0.001 -23"><span class='ocrx_word' id='word_1_164' title='bbox 437 3375 521 3443; x_wconf 90' lang='lat' dir='ltr'>Plus</span> <span class='ocrx_word' id='word_1_165' title='bbox 563 3376 670 3444; x_wconf 90' lang='lat' dir='ltr'>etiam</span> <span class='ocrx_word' id='word_1_166' title='bbox 701 3397 807 3465; x_wconf 84' lang='lat' dir='ltr'>quam</span> <span class='ocrx_word' id='word_1_167' title='bbox 845 3376 1031 3446; x_wconf 88' lang='lat' dir='ltr'>facultates</span> <span class='ocrx_word' id='word_1_168' title='bbox 1065 3377 1186 3446; x_wconf 84' lang='lat' dir='ltr'>Cicero</span> <span class='ocrx_word' id='word_1_169' title='bbox 1221 3375 1365 3445; x_wconf 92' lang='lat' dir='ltr'>domum</span> <span class='ocrx_word' id='word_1_170' title='bbox 1402 3374 1509 3442; x_wconf 88' lang='lat' dir='ltr'>amis-</span> 
     </span>
     <span class='ocr_line' id='line_1_23' title="bbox 392 3497 1509 3591; baseline -0.003 -24"><span class='ocrx_word' id='word_1_171' title='bbox 392 3520 467 3568; x_wconf 90' lang='lat' dir='ltr'>sam</span> <span class='ocrx_word' id='word_1_172' title='bbox 502 3502 797 3589; x_wconf 86' lang='lat' dir='ltr'>conquerebatur,</span> <span class='ocrx_word' id='word_1_173' title='bbox 832 3522 938 3590; x_wconf 87' lang='lat' dir='ltr'>quam</span> <span class='ocrx_word' id='word_1_174' title='bbox 975 3503 1097 3591; x_wconf 89' lang='lat' dir='ltr'>paucis</span> <span class='ocrx_word' id='word_1_175' title='bbox 1131 3502 1234 3569; x_wconf 90' lang='lat' dir='ltr'>annis</span> <span class='ocrx_word' id='word_1_176' title='bbox 1267 3505 1350 3568; x_wconf 87' lang='lat' dir='ltr'>aute</span> <span class='ocrx_word' id='word_1_177' title='bbox 1384 3497 1509 3588; x_wconf 83' lang='lat' dir='ltr'>grandi</span> 
     </span>
     <span class='ocr_line' id='line_1_24' title="bbox 392 3623 1510 3712; baseline -0.002 -20"><span class='ocrx_word' id='word_1_178' title='bbox 392 3625 542 3712; x_wconf 90' lang='lat' dir='ltr'>pecunia</span> <span class='ocrx_word' id='word_1_179' title='bbox 565 3635 701 3694; x_wconf 88' lang='lat' dir='ltr'>emerat</span> <span class='ocrx_word' id='word_1_180' title='bbox 712 3627 772 3711; x_wconf 83' lang='lat' dir='ltr'>(ad</span> <span class='ocrx_word' id='word_1_181' title='bbox 786 3626 809 3695; x_wconf 89' lang='lat' dir='ltr'>f.</span> <span class='ocrx_word' id='word_1_182' title='bbox 826 3627 936 3695; x_wconf 70' lang='lat' dir='ltr'>vot:</span> <span class='ocrx_word' id='word_1_183' title='bbox 949 3628 1019 3695; x_wconf 91' lang='lat' dir='ltr'>emi</span> <span class='ocrx_word' id='word_1_184' title='bbox 1033 3681 1040 3695; x_wconf 92' lang='lat'><strong>.</strong></span> <span class='ocrx_word' id='word_1_185' title='bbox 1056 3680 1062 3695; x_wconf 93' lang='lat'>.</span> <span class='ocrx_word' id='word_1_186' title='bbox 1077 3677 1084 3692; x_wconf 91' lang='lat'><strong>.</strong></span> <span class='ocrx_word' id='word_1_187' title='bbox 1098 3626 1242 3695; x_wconf 90' lang='lat' dir='ltr'>domum</span> <span class='ocrx_word' id='word_1_188' title='bbox 1257 3625 1324 3694; x_wconf 89' lang='lat' dir='ltr'>HS.</span> <span class='ocrx_word' id='word_1_189' title='bbox 1338 3623 1510 3708; x_wconf 84' lang='lat' dir='ltr'><strong>XXXV.):</strong></span> 
     </span>
     <span class='ocr_line' id='line_1_25' title="bbox 395 3747 1510 3841; baseline -0.003 -24"><span class='ocrx_word' id='word_1_190' title='bbox 395 3749 455 3829; x_wconf 89' lang='lat' dir='ltr'>„lu</span> <span class='ocrx_word' id='word_1_191' title='bbox 480 3750 644 3819; x_wconf 87' lang='lat' dir='ltr'>universa</span> <span class='ocrx_word' id='word_1_192' title='bbox 668 3751 792 3830; x_wconf 85' lang='lat' dir='ltr'>salute,</span> <span class='ocrx_word' id='word_1_193' title='bbox 805 3754 834 3820; x_wconf 92' lang='lat' dir='ltr'>si</span> <span class='ocrx_word' id='word_1_194' title='bbox 847 3773 887 3820; x_wconf 90' lang='lat' dir='ltr'>ea</span> <span class='ocrx_word' id='word_1_195' title='bbox 901 3752 1000 3841; x_wconf 88' lang='lat' dir='ltr'>(area</span> <span class='ocrx_word' id='word_1_196' title='bbox 1020 3773 1066 3822; x_wconf 88' lang='lat' dir='ltr'>sc.</span> <span class='ocrx_word' id='word_1_197' title='bbox 1081 3750 1278 3840; x_wconf 84' lang='lat' dir='ltr'>Tyrrell)</span> <span class='ocrx_word' id='word_1_198' title='bbox 1293 3748 1396 3818; x_wconf 90' lang='lat' dir='ltr'>modo</span> <span class='ocrx_word' id='word_1_199' title='bbox 1409 3747 1510 3816; x_wconf 89' lang='lat' dir='ltr'>nobis</span> 
     </span>
     <span class='ocr_line' id='line_1_26' title="bbox 392 3874 1510 3965; baseline -0.001 -23"><span class='ocrx_word' id='word_1_200' title='bbox 392 3876 610 3959; x_wconf 89' lang='lat' dir='ltr'>restituetur,</span> <span class='ocrx_word' id='word_1_201' title='bbox 641 3877 784 3946; x_wconf 85' lang='lat' dir='ltr'>inerunt</span> <span class='ocrx_word' id='word_1_202' title='bbox 804 3878 932 3962; x_wconf 91' lang='lat' dir='ltr'>omnia,</span> <span class='ocrx_word' id='word_1_203' title='bbox 957 3898 999 3945; x_wconf 86' lang='lat' dir='ltr'>ex</span> <span class='ocrx_word' id='word_1_204' title='bbox 1022 3877 1152 3965; x_wconf 88' lang='lat' dir='ltr'>quibus</span> <span class='ocrx_word' id='word_1_205' title='bbox 1174 3875 1262 3944; x_wconf 90' lang='lat' dir='ltr'>nihil</span> <span class='ocrx_word' id='word_1_206' title='bbox 1286 3874 1378 3944; x_wconf 89' lang='lat' dir='ltr'>malo</span> <span class='ocrx_word' id='word_1_207' title='bbox 1401 3893 1510 3962; x_wconf 89' lang='lat' dir='ltr'>quam</span> 
     </span>
     <span class='ocr_line' id='line_1_27' title="bbox 393 3999 1510 4090; baseline 0 -22"><span class='ocrx_word' id='word_1_208' title='bbox 393 4001 536 4070; x_wconf 90' lang='lat' dir='ltr'>domum</span> <span class='ocrx_word' id='word_1_209' title='bbox 574 4001 634 4090; x_wconf 85' lang='lat' dir='ltr'>(ad</span> <span class='ocrx_word' id='word_1_210' title='bbox 671 4003 742 4070; x_wconf 82' lang='lat' dir='ltr'>nn.</span> <span class='ocrx_word' id='word_1_211' title='bbox 766 4003 814 4070; x_wconf 96' lang='grc' dir='ltr'>ΙΙΙ</span> <span class='ocrx_word' id='word_1_212' title='bbox 837 4002 939 4089; x_wconf 66' lang='grc'>202).</span> <span class='ocrx_word' id='word_1_213' title='bbox 963 4002 1062 4083; x_wconf 86' lang='lat' dir='ltr'>Quod</span> <span class='ocrx_word' id='word_1_214' title='bbox 1088 4001 1132 4069; x_wconf 91' lang='lat' dir='ltr'>de</span> <span class='ocrx_word' id='word_1_215' title='bbox 1156 4002 1259 4071; x_wconf 92' lang='lat' dir='ltr'>domo</span> <span class='ocrx_word' id='word_1_216' title='bbox 1287 3999 1421 4078; x_wconf 70' lang='lat' dir='ltr'>scribis</span> <span class='ocrx_word' id='word_1_217' title='bbox 1445 3999 1510 4068; x_wconf 94' lang='lat' dir='ltr'>hoc</span> 
     </span>
     <span class='ocr_line' id='line_1_28' title="bbox 392 4125 1511 4217; baseline -0.002 -23"><span class='ocrx_word' id='word_1_218' title='bbox 392 4133 446 4195; x_wconf 89' lang='lat' dir='ltr'>est</span> <span class='ocrx_word' id='word_1_219' title='bbox 468 4126 512 4194; x_wconf 91' lang='lat' dir='ltr'>de</span> <span class='ocrx_word' id='word_1_220' title='bbox 536 4147 630 4209; x_wconf 87' lang='lat' dir='ltr'>area,</span> <span class='ocrx_word' id='word_1_221' title='bbox 654 4149 718 4215; x_wconf 85' lang='lat' dir='ltr'>ego</span> <span class='ocrx_word' id='word_1_222' title='bbox 742 4148 825 4197; x_wconf 92' lang='lat' dir='ltr'>vero</span> <span class='ocrx_word' id='word_1_223' title='bbox 848 4134 925 4196; x_wconf 92' lang='lat' dir='ltr'>tum</span> <span class='ocrx_word' id='word_1_224' title='bbox 949 4129 1100 4217; x_wconf 85' lang='lat' dir='ltr'>denique</span> <span class='ocrx_word' id='word_1_225' title='bbox 1125 4127 1210 4194; x_wconf 90' lang='lat' dir='ltr'>mibi</span> <span class='ocrx_word' id='word_1_226' title='bbox 1236 4125 1378 4194; x_wconf 88' lang='lat' dir='ltr'>videbor</span> <span class='ocrx_word' id='word_1_227' title='bbox 1408 4125 1511 4192; x_wconf 90' lang='lat' dir='ltr'>resti·</span> 
     </span>
     <span class='ocr_line' id='line_1_29' title="bbox 392 4248 1510 4340; baseline -0.003 -20"><span class='ocrx_word' id='word_1_228' title='bbox 392 4257 502 4333; x_wconf 75' lang='lat' dir='ltr'>tutus</span> <span class='ocrx_word' id='word_1_229' title='bbox 527 4252 554 4319; x_wconf 89' lang='lat' dir='ltr'>si</span> <span class='ocrx_word' id='word_1_230' title='bbox 578 4251 638 4321; x_wconf 90' lang='lat' dir='ltr'>illa</span> <span class='ocrx_word' id='word_1_231' title='bbox 662 4252 763 4321; x_wconf 91' lang='lat' dir='ltr'>nobis</span> <span class='ocrx_word' id='word_1_232' title='bbox 785 4254 854 4321; x_wconf 87' lang='lat' dir='ltr'>erit</span> <span class='ocrx_word' id='word_1_233' title='bbox 877 4253 1040 4321; x_wconf 89' lang='lat' dir='ltr'>restituta</span> <span class='ocrx_word' id='word_1_234' title='bbox 1063 4251 1123 4339; x_wconf 88' lang='lat' dir='ltr'>(ad</span> <span class='ocrx_word' id='word_1_235' title='bbox 1147 4251 1171 4319; x_wconf 83' lang='lat' dir='ltr'>f.</span> <span class='ocrx_word' id='word_1_236' title='bbox 1189 4250 1267 4318; x_wconf 90' lang='lat' dir='ltr'>XIV</span> <span class='ocrx_word' id='word_1_237' title='bbox 1280 4248 1383 4340; x_wconf 78' lang='lat'><strong>2.3).”</strong></span> <span class='ocrx_word' id='word_1_238' title='bbox 1408 4249 1510 4318; x_wconf 91' lang='lat' dir='ltr'>Pala-</span> 
     </span>
     <span class='ocr_line' id='line_1_30' title="bbox 391 4374 1511 4465; baseline -0.003 -21"><span class='ocrx_word' id='word_1_239' title='bbox 391 4377 466 4444; x_wconf 87' lang='lat' dir='ltr'>tina</span> <span class='ocrx_word' id='word_1_240' title='bbox 490 4375 623 4446; x_wconf 89' lang='lat' dir='ltr'>scilicet</span> <span class='ocrx_word' id='word_1_241' title='bbox 648 4377 815 4446; x_wconf 87' lang='lat' dir='ltr'>habitatio</span> <span class='ocrx_word' id='word_1_242' title='bbox 839 4377 973 4465; x_wconf 79' lang='lat' dir='ltr'>insigne</span> <span class='ocrx_word' id='word_1_243' title='bbox 999 4377 1031 4444; x_wconf 89' lang='lat' dir='ltr'>ei</span> <span class='ocrx_word' id='word_1_244' title='bbox 1054 4375 1234 4465; x_wconf 83' lang='lat' dir='ltr'>dignitatis</span> <span class='ocrx_word' id='word_1_245' title='bbox 1261 4374 1444 4443; x_wconf 89' lang='lat' dir='ltr'>videbatur</span> <span class='ocrx_word' id='word_1_246' title='bbox 1475 4379 1511 4441; x_wconf 93' lang='lat' dir='ltr'>et</span> 
     </span>
    </p>
   </div>
   <div class='ocr_carea' id='block_1_3' title="bbox 0 0 1905 5486">
    <p class='ocr_par' dir='ltr' id='par_1_4' title="bbox 0 0 1905 5486">
     <span class='ocr_line' id='line_1_31' title="bbox 0 0 1905 5486; baseline 0 0"><span class='ocrx_word' id='word_1_247' title='bbox 0 0 1905 5486; x_wconf 95' lang='lat' dir='ltr'> </span> 
     </span>
    </p>
   </div>
  </div>
 </body>
</html>
