<?xml version="1.0" encoding="UTF-8"?>
<!DOCTYPE html PUBLIC "-//W3C//DTD XHTML 1.0 Transitional//EN"
    "http://www.w3.org/TR/xhtml1/DTD/xhtml1-transitional.dtd">
<html xmlns="http://www.w3.org/1999/xhtml" xml:lang="en" lang="en">
 <head>
  <title>
</title>
<meta http-equiv="Content-Type" content="text/html;charset=utf-8" />
  <meta name='ocr-system' content='tesseract 3.04.00' />
  <meta name='ocr-capabilities' content='ocr_page ocr_carea ocr_par ocr_line ocrx_word'/>
</head>
<body>
  <div class='ocr_page' id='page_1' title='image "./exulumtriassive00leopgoog_0192.png"; bbox 0 0 3778 5488; ppageno 0'>
   <div class='ocr_carea' id='block_1_1' title="bbox 834 774 900 843">
    <p class='ocr_par' dir='ltr' id='par_1_1' title="bbox 834 774 900 843">
     <span class='ocr_line' id='line_1_1' title="bbox 834 774 900 843; baseline 0.015 -1"><span class='ocrx_word' id='word_1_1' title='bbox 834 774 900 843; x_wconf 80' lang='lat'><strong>179</strong></span> 
     </span>
    </p>
   </div>
   <div class='ocr_carea' id='block_1_2' title="bbox 309 970 1429 3930">
    <p class='ocr_par' dir='ltr' id='par_1_2' title="bbox 309 970 1429 3058">
     <span class='ocr_line' id='line_1_2' title="bbox 311 970 1427 1072; baseline -0.003 -32"><span class='ocrx_word' id='word_1_2' title='bbox 311 973 394 1041; x_wconf 88' lang='lat' dir='ltr'><strong>dicit</strong></span> <span class='ocrx_word' id='word_1_3' title='bbox 428 972 473 1040; x_wconf 89' lang='lat' dir='ltr'><strong>ad</strong></span> <span class='ocrx_word' id='word_1_4' title='bbox 508 972 580 1041; x_wconf 83' lang='lat' dir='ltr'><strong>Att.</strong></span> <span class='ocrx_word' id='word_1_5' title='bbox 604 970 652 1040; x_wconf 90' lang='grc' dir='ltr'><strong>ΙΙΙ</strong></span> <span class='ocrx_word' id='word_1_6' title='bbox 680 971 764 1052; x_wconf 74' lang='lat' dir='ltr'><strong>tat,</strong></span> <span class='ocrx_word' id='word_1_7' title='bbox 790 977 909 1061; x_wconf 87' lang='lat' dir='ltr'><strong>postea</strong></span> <span class='ocrx_word' id='word_1_8' title='bbox 935 973 1115 1072; x_wconf 82' lang='lat' dir='ltr'><strong>remeius</strong></span> <span class='ocrx_word' id='word_1_9' title='bbox 1140 971 1427 1053; x_wconf 80' lang='lat' dir='ltr'>moderationem,</span> 
     </span>
     <span class='ocr_line' id='line_1_3' title="bbox 310 1095 1428 1186; baseline -0.003 -21"><span class='ocrx_word' id='word_1_10' title='bbox 310 1098 370 1186; x_wconf 88' lang='lat' dir='ltr'><strong>qui</strong></span> <span class='ocrx_word' id='word_1_11' title='bbox 405 1098 607 1166; x_wconf 84' lang='lat' dir='ltr'><strong>inimicitias</strong></span> <span class='ocrx_word' id='word_1_12' title='bbox 641 1096 707 1166; x_wconf 93' lang='lat' dir='ltr'><strong>sibi</strong></span> <span class='ocrx_word' id='word_1_13' title='bbox 741 1117 823 1166; x_wconf 90' lang='lat' dir='ltr'><strong>cnm</strong></span> <span class='ocrx_word' id='word_1_14' title='bbox 859 1096 1026 1166; x_wconf 89' lang='lat' dir='ltr'><strong>Cicerone</strong></span> <span class='ocrx_word' id='word_1_15' title='bbox 1060 1102 1241 1185; x_wconf 86' lang='lat' dir='ltr'><strong>susceptas</strong></span> <span class='ocrx_word' id='word_1_16' title='bbox 1269 1095 1428 1184; x_wconf 89' lang='lat' dir='ltr'><strong>patribus</strong></span> 
     </span>
     <span class='ocr_line' id='line_1_4' title="bbox 309 1220 1428 1311; baseline -0.001 -22"><span class='ocrx_word' id='word_1_17' title='bbox 309 1223 518 1311; x_wconf 83' lang='lat' dir='ltr'><strong>conscriptis</strong></span> <span class='ocrx_word' id='word_1_18' title='bbox 541 1223 628 1291; x_wconf 85' lang='lat' dir='ltr'><strong>dixit</strong></span> <span class='ocrx_word' id='word_1_19' title='bbox 651 1243 687 1290; x_wconf 90' lang='lat' dir='ltr'><strong>se</strong></span> <span class='ocrx_word' id='word_1_20' title='bbox 713 1224 967 1311; x_wconf 88' lang='lat' dir='ltr'><strong>permissurum</strong></span> <span class='ocrx_word' id='word_1_21' title='bbox 989 1222 1069 1311; x_wconf 89' lang='lat' dir='ltr'><strong>(pro</strong></span> <span class='ocrx_word' id='word_1_22' title='bbox 1081 1222 1169 1291; x_wconf 85' lang='lat' dir='ltr'><strong>Sest.</strong></span> <span class='ocrx_word' id='word_1_23' title='bbox 1183 1220 1253 1308; x_wconf 75' lang='lat'>72),</span> <span class='ocrx_word' id='word_1_24' title='bbox 1265 1221 1428 1308; x_wconf 83' lang='lat' dir='ltr'><strong>cognovit</strong></span> 
     </span>
     <span class='ocr_line' id='line_1_5' title="bbox 310 1327 1427 1436; baseline -0.004 -21"><span class='ocrx_word' id='word_1_25' title='bbox 310 1353 416 1436; x_wconf 89' lang='lat' dir='ltr'><strong>atque</strong></span> <span class='ocrx_word' id='word_1_26' title='bbox 452 1369 533 1416; x_wconf 84' lang='lat' dir='ltr'><strong>mox</strong></span> <span class='ocrx_word' id='word_1_27' title='bbox 567 1327 831 1416; x_wconf 85' lang='lat' dir='ltr'><strong>reconciliatum</strong></span> <span class='ocrx_word' id='word_1_28' title='bbox 867 1367 949 1416; x_wconf 90' lang='lat' dir='ltr'><strong>eum</strong></span> <span class='ocrx_word' id='word_1_29' title='bbox 985 1367 1067 1416; x_wconf 92' lang='lat' dir='ltr'><strong>cum</strong></span> <span class='ocrx_word' id='word_1_30' title='bbox 1094 1346 1233 1414; x_wconf 90' lang='lat' dir='ltr'><strong>Metello</strong></span> <span class='ocrx_word' id='word_1_31' title='bbox 1259 1344 1427 1412; x_wconf 86' lang='lat' dir='ltr'><strong>videmus.</strong></span> 
     </span>
     <span class='ocr_line' id='line_1_6' title="bbox 310 1468 1428 1561; baseline -0.003 -23"><span class='ocrx_word' id='word_1_32' title='bbox 310 1470 363 1556; x_wconf 83' lang='lat' dir='ltr'><strong>(ld</strong></span> <span class='ocrx_word' id='word_1_33' title='bbox 400 1471 437 1541; x_wconf 91' lang='lat' dir='ltr'><strong>P.</strong></span> <span class='ocrx_word' id='word_1_34' title='bbox 468 1470 605 1540; x_wconf 87' lang='lat' dir='ltr'><strong>Servilii</strong></span> <span class='ocrx_word' id='word_1_35' title='bbox 629 1471 774 1541; x_wconf 87' lang='lat' dir='ltr'><strong>isaurici</strong></span> <span class='ocrx_word' id='word_1_36' title='bbox 799 1493 906 1561; x_wconf 89' lang='lat' dir='ltr'><strong>opera</strong></span> <span class='ocrx_word' id='word_1_37' title='bbox 929 1471 1093 1542; x_wconf 85' lang='lat' dir='ltr'><strong>ellectum</strong></span> <span class='ocrx_word' id='word_1_38' title='bbox 1118 1491 1193 1540; x_wconf 88' lang='lat' dir='ltr'><strong>osse</strong></span> <span class='ocrx_word' id='word_1_39' title='bbox 1217 1470 1297 1560; x_wconf 92' lang='lat' dir='ltr'><strong>plus</strong></span> <span class='ocrx_word' id='word_1_40' title='bbox 1320 1468 1428 1538; x_wconf 91' lang='lat' dir='ltr'><strong>semel</strong></span> 
     </span>
     <span class='ocr_line' id='line_1_7' title="bbox 311 1595 1427 1686; baseline -0.001 -23"><span class='ocrx_word' id='word_1_41' title='bbox 311 1595 473 1679; x_wconf 84' lang='lat' dir='ltr'><strong>affirmat,</strong></span> <span class='ocrx_word' id='word_1_42' title='bbox 500 1597 565 1664; x_wconf 91' lang='lat' dir='ltr'><strong>vid.</strong></span> <span class='ocrx_word' id='word_1_43' title='bbox 591 1617 624 1685; x_wconf 92' lang='lat' dir='ltr'><strong>p.</strong></span> <span class='ocrx_word' id='word_1_44' title='bbox 648 1595 748 1686; x_wconf 64' lang='lat' dir='ltr'><strong>tam:</strong></span> <span class='ocrx_word' id='word_1_45' title='bbox 774 1597 845 1677; x_wconf 84' lang='lat' dir='ltr'><strong>„De</strong></span> <span class='ocrx_word' id='word_1_46' title='bbox 871 1597 1009 1667; x_wconf 87' lang='lat' dir='ltr'><strong>Metello</strong></span> <span class='ocrx_word' id='word_1_47' title='bbox 1029 1598 1169 1686; x_wconf 89' lang='lat' dir='ltr'><strong>scripsit</strong></span> <span class='ocrx_word' id='word_1_48' title='bbox 1180 1597 1224 1666; x_wconf 86' lang='lat' dir='ltr'><strong>ad</strong></span> <span class='ocrx_word' id='word_1_49' title='bbox 1239 1595 1427 1677; x_wconf 67' lang='lat' dir='ltr'><strong>mesraim,</strong></span> 
     </span>
     <span class='ocr_line' id='line_1_8' title="bbox 310 1719 1427 1813; baseline 0 -25"><span class='ocrx_word' id='word_1_50' title='bbox 310 1726 484 1808; x_wconf 84' lang='lat' dir='ltr'><strong>quantum</strong></span> <span class='ocrx_word' id='word_1_51' title='bbox 505 1733 673 1808; x_wconf 77' lang='lat' dir='ltr'><strong>speraret,</strong></span> <span class='ocrx_word' id='word_1_52' title='bbox 689 1723 883 1809; x_wconf 86' lang='lat' dir='ltr'><strong>perlectum</strong></span> <span class='ocrx_word' id='word_1_53' title='bbox 897 1743 972 1791; x_wconf 92' lang='lat' dir='ltr'><strong>esse</strong></span> <span class='ocrx_word' id='word_1_54' title='bbox 986 1743 1049 1813; x_wconf 91' lang='lat' dir='ltr'><strong>per</strong></span> <span class='ocrx_word' id='word_1_55' title='bbox 1060 1732 1095 1791; x_wconf 91' lang='lat' dir='ltr'><strong>te</strong></span> <span class='ocrx_word' id='word_1_56' title='bbox 1106 1723 1164 1809; x_wconf 97' lang='grc' dir='ltr'><strong>(εά</strong></span> <span class='ocrx_word' id='word_1_57' title='bbox 1179 1722 1250 1791; x_wconf 81' lang='lat' dir='ltr'><strong>An.</strong></span> <span class='ocrx_word' id='word_1_58' title='bbox 1265 1721 1310 1789; x_wconf 95' lang='lat' dir='ltr'><strong>lll</strong></span> <span class='ocrx_word' id='word_1_59' title='bbox 1324 1719 1427 1808; x_wconf 62' lang='grc' dir='ltr'><strong>ι292).</strong></span> 
     </span>
     <span class='ocr_line' id='line_1_9' title="bbox 313 1843 1427 1936; baseline 0.001 -24"><span class='ocrx_word' id='word_1_60' title='bbox 313 1843 360 1912; x_wconf 87' lang='lat' dir='ltr'><strong>De</strong></span> <span class='ocrx_word' id='word_1_61' title='bbox 391 1844 521 1914; x_wconf 81' lang='lat' dir='ltr'><strong>Metelli</strong></span> <span class='ocrx_word' id='word_1_62' title='bbox 554 1846 799 1916; x_wconf 86' lang='lat' dir='ltr'><strong>voluntate...</strong></span> <span class='ocrx_word' id='word_1_63' title='bbox 825 1847 1012 1936; x_wconf 89' lang='lat' dir='ltr'><strong>perscribis</strong></span> <span class='ocrx_word' id='word_1_64' title='bbox 1035 1846 1152 1935; x_wconf 68' lang='lat' dir='ltr'><strong>(ast).</strong></span> <span class='ocrx_word' id='word_1_65' title='bbox 1181 1847 1261 1915; x_wconf 82' lang='lat' dir='ltr'><strong>Fuit</strong></span> <span class='ocrx_word' id='word_1_66' title='bbox 1285 1845 1427 1922; x_wconf 88' lang='lat' dir='ltr'><strong>omnino</strong></span> 
     </span>
     <span class='ocr_line' id='line_1_10' title="bbox 310 1968 1428 2061; baseline 0.001 -25"><span class='ocrx_word' id='word_1_67' title='bbox 310 1968 449 2039; x_wconf 88' lang='lat' dir='ltr'><strong>difficile</strong></span> <span class='ocrx_word' id='word_1_68' title='bbox 473 1991 543 2040; x_wconf 94' lang='lat' dir='ltr'><strong>non</strong></span> <span class='ocrx_word' id='word_1_69' title='bbox 568 1970 734 2061; x_wconf 91' lang='lat' dir='ltr'><strong>obsequi.</strong></span> <span class='ocrx_word' id='word_1_70' title='bbox 749 2022 757 2038; x_wconf 90' lang='lat'><strong>.</strong></span> <span class='ocrx_word' id='word_1_71' title='bbox 772 2023 800 2041; x_wconf 92' lang='lat'><strong>..</strong></span> <span class='ocrx_word' id='word_1_72' title='bbox 828 1972 978 2052; x_wconf 83' lang='lat' dir='ltr'><strong>Metello,</strong></span> <span class='ocrx_word' id='word_1_73' title='bbox 999 1973 1059 2061; x_wconf 87' lang='lat' dir='ltr'><strong>qui</strong></span> <span class='ocrx_word' id='word_1_74' title='bbox 1072 1971 1288 2041; x_wconf 82' lang='lat' dir='ltr'><strong>simultatem</strong></span> <span class='ocrx_word' id='word_1_75' title='bbox 1302 1971 1428 2046; x_wconf 84' lang='lat' dir='ltr'><strong>huma-</strong></span> 
     </span>
     <span class='ocr_line' id='line_1_11' title="bbox 311 2095 1428 2185; baseline 0 -24"><span class='ocrx_word' id='word_1_76' title='bbox 311 2095 452 2163; x_wconf 89' lang='lat' dir='ltr'><strong>nissime</strong></span> <span class='ocrx_word' id='word_1_77' title='bbox 476 2096 698 2185; x_wconf 85' lang='lat' dir='ltr'><strong>deponeret(</strong></span> <span class='ocrx_word' id='word_1_78' title='bbox 721 2096 846 2182; x_wconf 74' lang='lat'><strong>24.2).”</strong></span> <span class='ocrx_word' id='word_1_79' title='bbox 873 2097 909 2164; x_wconf 92' lang='lat' dir='ltr'><strong>ln</strong></span> <span class='ocrx_word' id='word_1_80' title='bbox 935 2104 1059 2166; x_wconf 85' lang='lat' dir='ltr'><strong>senatu</strong></span> <span class='ocrx_word' id='word_1_81' title='bbox 1083 2097 1176 2165; x_wconf 92' lang='lat' dir='ltr'><strong>enim</strong></span> <span class='ocrx_word' id='word_1_82' title='bbox 1198 2095 1241 2164; x_wconf 90' lang='lat' dir='ltr'><strong>de</strong></span> <span class='ocrx_word' id='word_1_83' title='bbox 1261 2095 1428 2166; x_wconf 88' lang='lat' dir='ltr'><strong>Cicerone</strong></span> 
     </span>
     <span class='ocr_line' id='line_1_12' title="bbox 311 2218 1428 2303; baseline 0 -17"><span class='ocrx_word' id='word_1_84' title='bbox 311 2219 532 2288; x_wconf 86' lang='lat' dir='ltr'><strong>mitissimam</strong></span> <span class='ocrx_word' id='word_1_85' title='bbox 559 2223 753 2290; x_wconf 87' lang='lat' dir='ltr'><strong>orationem</strong></span> <span class='ocrx_word' id='word_1_86' title='bbox 780 2220 961 2300; x_wconf 83' lang='lat' dir='ltr'><strong>babuerat,</strong></span> <span class='ocrx_word' id='word_1_87' title='bbox 986 2230 1025 2290; x_wconf 85' lang='lat' dir='ltr'><strong>ut</strong></span> <span class='ocrx_word' id='word_1_88' title='bbox 1044 2221 1197 2303; x_wconf 87' lang='lat' dir='ltr'><strong>Quintus</strong></span> <span class='ocrx_word' id='word_1_89' title='bbox 1208 2221 1319 2289; x_wconf 86' lang='lat' dir='ltr'><strong>frater</strong></span> <span class='ocrx_word' id='word_1_90' title='bbox 1331 2218 1428 2289; x_wconf 87' lang='lat' dir='ltr'><strong>Cice·</strong></span> 
     </span>
     <span class='ocr_line' id='line_1_13' title="bbox 310 2344 1427 2434; baseline -0.001 -23"><span class='ocrx_word' id='word_1_91' title='bbox 310 2345 387 2412; x_wconf 89' lang='lat' dir='ltr'><strong>roni</strong></span> <span class='ocrx_word' id='word_1_92' title='bbox 423 2345 580 2433; x_wconf 82' lang='lat' dir='ltr'><strong>scripsit3</strong></span> <span class='ocrx_word' id='word_1_93' title='bbox 615 2363 706 2434; x_wconf 87' lang='lat' dir='ltr'><strong>quac</strong></span> <span class='ocrx_word' id='word_1_94' title='bbox 742 2345 984 2414; x_wconf 87' lang='lat' dir='ltr'><strong>benevolentia</strong></span> <span class='ocrx_word' id='word_1_95' title='bbox 1015 2345 1218 2416; x_wconf 87' lang='lat' dir='ltr'><strong>Ciceronem</strong></span> <span class='ocrx_word' id='word_1_96' title='bbox 1244 2344 1427 2433; x_wconf 85' lang='lat' dir='ltr'><strong>permovit,</strong></span> 
     </span>
     <span class='ocr_line' id='line_1_14' title="bbox 310 2467 1429 2559; baseline -0.002 -23"><span class='ocrx_word' id='word_1_97' title='bbox 310 2476 350 2536; x_wconf 85' lang='lat' dir='ltr'><strong>ut</strong></span> <span class='ocrx_word' id='word_1_98' title='bbox 373 2469 415 2537; x_wconf 85' lang='lat' dir='ltr'><strong>ad</strong></span> <span class='ocrx_word' id='word_1_99' title='bbox 444 2469 624 2538; x_wconf 87' lang='lat' dir='ltr'><strong>Metellum</strong></span> <span class='ocrx_word' id='word_1_100' title='bbox 647 2470 833 2559; x_wconf 86' lang='lat' dir='ltr'><strong>epistulam</strong></span> <span class='ocrx_word' id='word_1_101' title='bbox 859 2470 919 2557; x_wconf 93' lang='grc' dir='ltr'><strong>(εά</strong></span> <span class='ocrx_word' id='word_1_102' title='bbox 944 2471 968 2540; x_wconf 82' lang='lat' dir='ltr'><strong>f.</strong></span> <span class='ocrx_word' id='word_1_103' title='bbox 996 2470 1021 2539; x_wconf 88' lang='lat' dir='ltr'>V</span> <span class='ocrx_word' id='word_1_104' title='bbox 1041 2470 1078 2558; x_wconf 81' lang='grc'><strong>4)</strong></span> <span class='ocrx_word' id='word_1_105' title='bbox 1091 2470 1201 2551; x_wconf 86' lang='lat' dir='ltr'><strong>daret,</strong></span> <span class='ocrx_word' id='word_1_106' title='bbox 1215 2488 1285 2558; x_wconf 85' lang='lat' dir='ltr'><strong>qua</strong></span> <span class='ocrx_word' id='word_1_107' title='bbox 1296 2467 1429 2556; x_wconf 81' lang='lat' dir='ltr'><strong>gratias</strong></span> 
     </span>
     <span class='ocr_line' id='line_1_15' title="bbox 309 2593 1427 2684; baseline -0.002 -23"><span class='ocrx_word' id='word_1_108' title='bbox 309 2594 341 2661; x_wconf 90' lang='lat' dir='ltr'><strong>ei</strong></span> <span class='ocrx_word' id='word_1_109' title='bbox 364 2601 485 2682; x_wconf 83' lang='lat' dir='ltr'><strong>ageret</strong></span> <span class='ocrx_word' id='word_1_110' title='bbox 504 2600 539 2662; x_wconf 88' lang='lat' dir='ltr'><strong>et</strong></span> <span class='ocrx_word' id='word_1_111' title='bbox 562 2594 605 2662; x_wconf 90' lang='lat' dir='ltr'><strong>de</strong></span> <span class='ocrx_word' id='word_1_112' title='bbox 630 2593 765 2683; x_wconf 86' lang='lat' dir='ltr'><strong>reliquo</strong></span> <span class='ocrx_word' id='word_1_113' title='bbox 789 2605 947 2684; x_wconf 89' lang='lat' dir='ltr'><strong>tempore</strong></span> <span class='ocrx_word' id='word_1_114' title='bbox 971 2595 1141 2663; x_wconf 85' lang='lat' dir='ltr'><strong>auxilium</strong></span> <span class='ocrx_word' id='word_1_115' title='bbox 1161 2595 1207 2662; x_wconf 88' lang='lat' dir='ltr'><strong>ab</strong></span> <span class='ocrx_word' id='word_1_116' title='bbox 1227 2614 1269 2662; x_wconf 92' lang='lat' dir='ltr'><strong>eo</strong></span> <span class='ocrx_word' id='word_1_117' title='bbox 1282 2597 1427 2682; x_wconf 86' lang='lat' dir='ltr'><strong>peteret.</strong></span> 
     </span>
     <span class='ocr_line' id='line_1_16' title="bbox 310 2717 1427 2809; baseline -0.003 -23"><span class='ocrx_word' id='word_1_118' title='bbox 310 2717 422 2798; x_wconf 81' lang='lat' dir='ltr'><strong>Quam</strong></span> <span class='ocrx_word' id='word_1_119' title='bbox 447 2720 641 2807; x_wconf 82' lang='lat' dir='ltr'><strong>gratiarum</strong></span> <span class='ocrx_word' id='word_1_120' title='bbox 666 2721 839 2788; x_wconf 89' lang='lat' dir='ltr'><strong>actionem</strong></span> <span class='ocrx_word' id='word_1_121' title='bbox 866 2720 993 2788; x_wconf 88' lang='lat' dir='ltr'><strong>totiens</strong></span> <span class='ocrx_word' id='word_1_122' title='bbox 1011 2720 1160 2809; x_wconf 84' lang='lat' dir='ltr'><strong>repetiit,</strong></span> <span class='ocrx_word' id='word_1_123' title='bbox 1174 2719 1336 2807; x_wconf 85' lang='lat' dir='ltr'><strong>quotiens</strong></span> <span class='ocrx_word' id='word_1_124' title='bbox 1348 2725 1427 2805; x_wconf 87' lang='lat' dir='ltr'><strong>post</strong></span> 
     </span>
     <span class='ocr_line' id='line_1_17' title="bbox 310 2841 1426 2933; baseline -0.002 -23"><span class='ocrx_word' id='word_1_125' title='bbox 310 2843 461 2912; x_wconf 81' lang='lat' dir='ltr'><strong>reditum</strong></span> <span class='ocrx_word' id='word_1_126' title='bbox 483 2844 525 2911; x_wconf 90' lang='lat' dir='ltr'><strong>de</strong></span> <span class='ocrx_word' id='word_1_127' title='bbox 546 2845 619 2912; x_wconf 89' lang='lat' dir='ltr'><strong>suis</strong></span> <span class='ocrx_word' id='word_1_128' title='bbox 638 2844 856 2933; x_wconf 90' lang='lat' dir='ltr'><strong>temporibus</strong></span> <span class='ocrx_word' id='word_1_129' title='bbox 868 2845 1007 2913; x_wconf 89' lang='lat' dir='ltr'><strong>locutus</strong></span> <span class='ocrx_word' id='word_1_130' title='bbox 1018 2851 1072 2914; x_wconf 86' lang='lat' dir='ltr'><strong>est</strong></span> <span class='ocrx_word' id='word_1_131' title='bbox 1084 2844 1143 2932; x_wconf 90' lang='lat' dir='ltr'><strong>(de</strong></span> <span class='ocrx_word' id='word_1_132' title='bbox 1156 2864 1253 2933; x_wconf 89' lang='lat' dir='ltr'><strong>prov.</strong></span> <span class='ocrx_word' id='word_1_133' title='bbox 1266 2862 1359 2912; x_wconf 88' lang='lat' dir='ltr'><strong>cons.</strong></span> <span class='ocrx_word' id='word_1_134' title='bbox 1372 2841 1426 2921; x_wconf 73' lang='lat'><strong>22,</strong></span> 
     </span>
     <span class='ocr_line' id='line_1_18' title="bbox 310 2966 1042 3058; baseline 0.007 -24"><span class='ocrx_word' id='word_1_135' title='bbox 310 2967 345 3034; x_wconf 92' lang='lat' dir='ltr'><strong>in</strong></span> <span class='ocrx_word' id='word_1_136' title='bbox 369 2966 484 3039; x_wconf 87' lang='lat' dir='ltr'><strong>Pison.</strong></span> <span class='ocrx_word' id='word_1_137' title='bbox 508 2966 563 3052; x_wconf 88' lang='grc'><strong>35,</strong></span> <span class='ocrx_word' id='word_1_138' title='bbox 587 2968 629 3036; x_wconf 90' lang='lat' dir='ltr'><strong>de</strong></span> <span class='ocrx_word' id='word_1_139' title='bbox 654 2968 757 3036; x_wconf 92' lang='lat' dir='ltr'><strong>domo</strong></span> <span class='ocrx_word' id='word_1_140' title='bbox 781 2967 859 3051; x_wconf 83' lang='lat'><strong>7‚70</strong></span> <span class='ocrx_word' id='word_1_141' title='bbox 880 2971 974 3058; x_wconf 86' lang='lat' dir='ltr'><strong>etc).</strong></span> <span class='ocrx_word' id='word_1_142' title='bbox 998 3007 1042 3018; x_wconf 95' lang='lat'>—</span> 
     </span>
    </p>

    <p class='ocr_par' dir='ltr' id='par_1_3' title="bbox 309 3090 1428 3930">
     <span class='ocr_line' id='line_1_19' title="bbox 354 3090 1427 3182; baseline 0 -23"><span class='ocrx_word' id='word_1_143' title='bbox 354 3090 437 3160; x_wconf 82' lang='lat' dir='ltr'><strong>Post</strong></span> <span class='ocrx_word' id='word_1_144' title='bbox 470 3092 632 3162; x_wconf 89' lang='lat' dir='ltr'><strong>consules</strong></span> <span class='ocrx_word' id='word_1_145' title='bbox 666 3092 843 3162; x_wconf 79' lang='lat' dir='ltr'><strong>Ciceronis</strong></span> <span class='ocrx_word' id='word_1_146' title='bbox 877 3113 957 3182; x_wconf 91' lang='lat' dir='ltr'><strong>spes</strong></span> <span class='ocrx_word' id='word_1_147' title='bbox 981 3095 1093 3182; x_wconf 92' lang='lat' dir='ltr'><strong>posita</strong></span> <span class='ocrx_word' id='word_1_148' title='bbox 1115 3099 1193 3162; x_wconf 83' lang='lat' dir='ltr'><strong>erat</strong></span> <span class='ocrx_word' id='word_1_149' title='bbox 1215 3091 1250 3161; x_wconf 92' lang='lat' dir='ltr'><strong>in</strong></span> <span class='ocrx_word' id='word_1_150' title='bbox 1274 3092 1427 3160; x_wconf 89' lang='lat' dir='ltr'><strong>tribunis</strong></span> 
     </span>
     <span class='ocr_line' id='line_1_20' title="bbox 311 3215 1427 3306; baseline 0.003 -24"><span class='ocrx_word' id='word_1_151' title='bbox 311 3215 421 3304; x_wconf 89' lang='lat' dir='ltr'><strong>plebis</strong></span> <span class='ocrx_word' id='word_1_152' title='bbox 444 3223 516 3284; x_wconf 86' lang='lat' dir='ltr'><strong>tam</strong></span> <span class='ocrx_word' id='word_1_153' title='bbox 541 3217 626 3284; x_wconf 87' lang='lat' dir='ltr'><strong>anni</strong></span> <span class='ocrx_word' id='word_1_154' title='bbox 648 3215 703 3295; x_wconf 86' lang='lat'><strong>58,</strong></span> <span class='ocrx_word' id='word_1_155' title='bbox 727 3237 877 3305; x_wconf 87' lang='lat' dir='ltr'><strong>quorum</strong></span> <span class='ocrx_word' id='word_1_156' title='bbox 899 3224 978 3287; x_wconf 85' lang='lat' dir='ltr'><strong>octo</strong></span> <span class='ocrx_word' id='word_1_157' title='bbox 993 3220 1023 3306; x_wconf 89' lang='lat'><strong>¹)</strong></span> <span class='ocrx_word' id='word_1_158' title='bbox 1043 3217 1132 3286; x_wconf 91' lang='lat' dir='ltr'><strong>duce</strong></span> <span class='ocrx_word' id='word_1_159' title='bbox 1147 3217 1182 3285; x_wconf 87' lang='lat' dir='ltr'><strong>L.</strong></span> <span class='ocrx_word' id='word_1_160' title='bbox 1205 3215 1427 3285; x_wconf 88' lang='lat' dir='ltr'><strong>Ninnio-</strong></span> 
     </span>
     <span class='ocr_line' id='line_1_21' title="bbox 311 3340 1426 3430; baseline -0.001 -22"><span class='ocrx_word' id='word_1_161' title='bbox 311 3341 384 3409; x_wconf 89' lang='lat' dir='ltr'><strong>viro</strong></span> <span class='ocrx_word' id='word_1_162' title='bbox 417 3340 614 3409; x_wconf 89' lang='lat' dir='ltr'><strong>incredibili</strong></span> <span class='ocrx_word' id='word_1_163' title='bbox 649 3341 717 3410; x_wconf 88' lang='lat' dir='ltr'><strong>lide</strong></span> <span class='ocrx_word' id='word_1_164' title='bbox 753 3341 994 3430; x_wconf 83' lang='lat' dir='ltr'><strong>magnitudine</strong></span> <span class='ocrx_word' id='word_1_165' title='bbox 1029 3343 1138 3410; x_wconf 91' lang='lat' dir='ltr'><strong>animi</strong></span> <span class='ocrx_word' id='word_1_166' title='bbox 1173 3340 1283 3408; x_wconf 90' lang='lat' dir='ltr'><strong>-de</strong></span> <span class='ocrx_word' id='word_1_167' title='bbox 1311 3340 1426 3409; x_wconf 90' lang='lat' dir='ltr'><strong>reditu</strong></span> 
     </span>
     <span class='ocr_line' id='line_1_22' title="bbox 310 3465 1427 3556; baseline -0.001 -24"><span class='ocrx_word' id='word_1_168' title='bbox 310 3465 624 3554; x_wconf 85' lang='lat' dir='ltr'><strong>promulgaverunt</strong></span> <span class='ocrx_word' id='word_1_169' title='bbox 638 3467 680 3553; x_wconf 57' lang='grc' dir='ltr'><strong>ἵ),</strong></span> <span class='ocrx_word' id='word_1_170' title='bbox 693 3467 795 3535; x_wconf 91' lang='lat' dir='ltr'><strong>cuius</strong></span> <span class='ocrx_word' id='word_1_171' title='bbox 806 3465 892 3554; x_wconf 83' lang='lat' dir='ltr'><strong>legis</strong></span> <span class='ocrx_word' id='word_1_172' title='bbox 904 3467 1008 3535; x_wconf 87' lang='lat' dir='ltr'><strong>tertio</strong></span> <span class='ocrx_word' id='word_1_173' title='bbox 1021 3467 1134 3556; x_wconf 88' lang='lat' dir='ltr'><strong>capite</strong></span> <span class='ocrx_word' id='word_1_174' title='bbox 1148 3465 1269 3535; x_wconf 88' lang='lat' dir='ltr'><strong>Cicero</strong></span> <span class='ocrx_word' id='word_1_175' title='bbox 1283 3466 1427 3534; x_wconf 90' lang='lat' dir='ltr'><strong>minime</strong></span> 
     </span>
     <span class='ocr_line' id='line_1_23' title="bbox 309 3589 1427 3679; baseline 0.001 -24"><span class='ocrx_word' id='word_1_176' title='bbox 309 3595 496 3657; x_wconf 87' lang='lat' dir='ltr'><strong>contentus</strong></span> <span class='ocrx_word' id='word_1_177' title='bbox 534 3593 665 3675; x_wconf 61' lang='lat' dir='ltr'><strong>eccll),</strong></span> <span class='ocrx_word' id='word_1_178' title='bbox 700 3610 808 3679; x_wconf 86' lang='lat' dir='ltr'><strong>quam</strong></span> <span class='ocrx_word' id='word_1_179' title='bbox 840 3592 925 3659; x_wconf 91' lang='lat' dir='ltr'><strong>anni</strong></span> <span class='ocrx_word' id='word_1_180' title='bbox 958 3590 1012 3676; x_wconf 79' lang='lat'><strong>57,</strong></span> <span class='ocrx_word' id='word_1_181' title='bbox 1048 3611 1136 3678; x_wconf 90' lang='lat' dir='ltr'><strong>quos</strong></span> <span class='ocrx_word' id='word_1_182' title='bbox 1170 3591 1328 3658; x_wconf 83' lang='lat' dir='ltr'><strong>lautores</strong></span> <span class='ocrx_word' id='word_1_183' title='bbox 1362 3589 1427 3657; x_wconf 89' lang='lat' dir='ltr'><strong>sibi</strong></span> 
     </span>
     <span class='ocr_line' id='line_1_24' title="bbox 310 3712 1428 3804; baseline 0.002 -25"><span class='ocrx_word' id='word_1_184' title='bbox 310 3712 449 3780; x_wconf 84' lang='lat' dir='ltr'><strong>futuros</strong></span> <span class='ocrx_word' id='word_1_185' title='bbox 472 3714 647 3802; x_wconf 88' lang='lat' dir='ltr'><strong>sperabat.</strong></span> <span class='ocrx_word' id='word_1_186' title='bbox 673 3715 725 3782; x_wconf 86' lang='lat' dir='ltr'><strong>Ad</strong></span> <span class='ocrx_word' id='word_1_187' title='bbox 749 3713 828 3783; x_wconf 92' lang='lat' dir='ltr'><strong>illos</strong></span> <span class='ocrx_word' id='word_1_188' title='bbox 852 3715 1046 3804; x_wconf 85' lang='lat' dir='ltr'><strong>pertinent:</strong></span> <span class='ocrx_word' id='word_1_189' title='bbox 1061 3715 1120 3798; x_wconf 86' lang='lat' dir='ltr'><strong>„Si</strong></span> <span class='ocrx_word' id='word_1_190' title='bbox 1132 3714 1428 3786; x_wconf 87' lang='lat' dir='ltr'><strong>omnestribunos</strong></span> 
     </span>
     <span class='ocr_line' id='line_1_25' title="bbox 311 3835 1427 3930; baseline 0.002 -26"><span class='ocrx_word' id='word_1_191' title='bbox 311 3835 425 3925; x_wconf 88' lang='lat' dir='ltr'><strong>plebis</strong></span> <span class='ocrx_word' id='word_1_192' title='bbox 445 3838 636 3906; x_wconf 86' lang='lat' dir='ltr'><strong>habemus.</strong></span> <span class='ocrx_word' id='word_1_193' title='bbox 652 3889 681 3907; x_wconf 91' lang='lat'><strong>..</strong></span> <span class='ocrx_word' id='word_1_194' title='bbox 706 3859 775 3907; x_wconf 92' lang='lat' dir='ltr'><strong>non</strong></span> <span class='ocrx_word' id='word_1_195' title='bbox 798 3847 851 3907; x_wconf 90' lang='lat' dir='ltr'><strong>est</strong></span> <span class='ocrx_word' id='word_1_196' title='bbox 871 3840 1130 3930; x_wconf 88' lang='lat' dir='ltr'><strong>desperandum</strong></span> <span class='ocrx_word' id='word_1_197' title='bbox 1145 3840 1203 3927; x_wconf 86' lang='lat' dir='ltr'><strong>(ad</strong></span> <span class='ocrx_word' id='word_1_198' title='bbox 1219 3840 1242 3908; x_wconf 86' lang='lat' dir='ltr'><strong>f.</strong></span> <span class='ocrx_word' id='word_1_199' title='bbox 1256 3839 1334 3907; x_wconf 87' lang='lat' dir='ltr'><strong>XIV</strong></span> <span class='ocrx_word' id='word_1_200' title='bbox 1347 3838 1427 3923; x_wconf 76' lang='lat' dir='ltr'><strong>tn),</strong></span> 
     </span>
    </p>
   </div>
   <div class='ocr_carea' id='block_1_3' title="bbox 309 4082 1428 4319">
    <p class='ocr_par' dir='ltr' id='par_1_4' title="bbox 309 4082 1428 4319">
     <span class='ocr_line' id='line_1_26' title="bbox 350 4082 1428 4205; baseline 0.005 -24"><span class='ocrx_word' id='word_1_201' title='bbox 350 4123 381 4198; x_wconf 85' lang='lat' dir='ltr'><strong>l)</strong></span> <span class='ocrx_word' id='word_1_202' title='bbox 422 4121 495 4182; x_wconf 87' lang='lat' dir='ltr'><strong>Nam</strong></span> <span class='ocrx_word' id='word_1_203' title='bbox 507 4139 611 4193; x_wconf 86' lang='lat' dir='ltr'><strong>nonos,</strong></span> <span class='ocrx_word' id='word_1_204' title='bbox 623 4122 670 4183; x_wconf 85' lang='lat' dir='ltr'><strong>Ae</strong></span> <span class='ocrx_word' id='word_1_205' title='bbox 680 4123 687 4183; x_wconf 98' lang='lat' dir='ltr'><strong>l</strong></span> <span class='ocrx_word' id='word_1_206' title='bbox 697 4122 706 4182; x_wconf 92' lang='lat' dir='ltr'><strong>i</strong></span> <span class='ocrx_word' id='word_1_207' title='bbox 716 4141 757 4184; x_wconf 90' lang='lat' dir='ltr'><strong>us</strong></span> <span class='ocrx_word' id='word_1_208' title='bbox 775 4123 898 4202; x_wconf 73' lang='lat' dir='ltr'><strong>Ligus</strong></span> <span class='ocrx_word' id='word_1_209' title='bbox 909 4143 940 4185; x_wconf 88' lang='lat' dir='ltr'><strong>se</strong></span> <span class='ocrx_word' id='word_1_210' title='bbox 951 4125 1067 4186; x_wconf 85' lang='lat' dir='ltr'><strong>absente</strong></span> <span class='ocrx_word' id='word_1_211' title='bbox 1078 4082 1199 4187; x_wconf 80' lang='lat' dir='ltr'><strong>deduxit</strong></span> <span class='ocrx_word' id='word_1_212' title='bbox 1209 4130 1273 4205; x_wconf 82' lang='lat' dir='ltr'><strong>(pro</strong></span> <span class='ocrx_word' id='word_1_213' title='bbox 1284 4124 1356 4186; x_wconf 82' lang='lat' dir='ltr'><strong>sest.</strong></span> <span class='ocrx_word' id='word_1_214' title='bbox 1367 4128 1428 4199; x_wconf 80' lang='lat'><strong>69),</strong></span> 
     </span>
     <span class='ocr_line' id='line_1_27' title="bbox 309 4235 1281 4319; baseline 0.004 -23"><span class='ocrx_word' id='word_1_215' title='bbox 309 4243 337 4296; x_wconf 90' lang='lat' dir='ltr'><strong>et</strong></span> <span class='ocrx_word' id='word_1_216' title='bbox 357 4235 488 4298; x_wconf 90' lang='lat' dir='ltr'><strong>decimus</strong></span> <span class='ocrx_word' id='word_1_217' title='bbox 510 4237 668 4299; x_wconf 88' lang='lat' dir='ltr'><strong>Clodius</strong></span> <span class='ocrx_word' id='word_1_218' title='bbox 689 4247 759 4310; x_wconf 87' lang='lat' dir='ltr'><strong>eret,</strong></span> <span class='ocrx_word' id='word_1_219' title='bbox 781 4239 816 4300; x_wconf 90' lang='lat' dir='ltr'><strong>de</strong></span> <span class='ocrx_word' id='word_1_220' title='bbox 838 4257 897 4318; x_wconf 82' lang='lat' dir='ltr'><strong>quo</strong></span> <span class='ocrx_word' id='word_1_221' title='bbox 918 4239 966 4301; x_wconf 85' lang='lat' dir='ltr'><strong>olii</strong></span> <span class='ocrx_word' id='word_1_222' title='bbox 990 4239 1045 4301; x_wconf 84' lang='lat' dir='ltr'><strong>inm</strong></span> <span class='ocrx_word' id='word_1_223' title='bbox 1069 4241 1131 4302; x_wconf 86' lang='lat' dir='ltr'><strong>lose</strong></span> <span class='ocrx_word' id='word_1_224' title='bbox 1152 4250 1281 4319; x_wconf 83' lang='lat' dir='ltr'><strong>egerunt.</strong></span> 
     </span>
    </p>
   </div>
   <div class='ocr_carea' id='block_1_4' title="bbox 350 4353 1237 4543">
    <p class='ocr_par' dir='ltr' id='par_1_5' title="bbox 350 4353 1237 4543">
     <span class='ocr_line' id='line_1_28' title="bbox 350 4353 1237 4432; baseline 0.005 -19"><span class='ocrx_word' id='word_1_225' title='bbox 350 4355 380 4426; x_wconf 73' lang='lat'><strong>2)</strong></span> <span class='ocrx_word' id='word_1_226' title='bbox 421 4371 472 4432; x_wconf 87' lang='lat' dir='ltr'><strong>pro</strong></span> <span class='ocrx_word' id='word_1_227' title='bbox 494 4353 565 4415; x_wconf 86' lang='lat' dir='ltr'><strong>Sest.</strong></span> <span class='ocrx_word' id='word_1_228' title='bbox 588 4357 626 4414; x_wconf 82' lang='lat'><strong>69</strong></span> <span class='ocrx_word' id='word_1_229' title='bbox 648 4363 676 4416; x_wconf 89' lang='lat' dir='ltr'><strong>et</strong></span> <span class='ocrx_word' id='word_1_230' title='bbox 698 4357 746 4427; x_wconf 71' lang='lat' dir='ltr'><strong>to,</strong></span> <span class='ocrx_word' id='word_1_231' title='bbox 768 4355 801 4416; x_wconf 83' lang='lat' dir='ltr'><strong>ad</strong></span> <span class='ocrx_word' id='word_1_232' title='bbox 824 4356 881 4417; x_wconf 78' lang='lat' dir='ltr'><strong>nn.</strong></span> <span class='ocrx_word' id='word_1_233' title='bbox 904 4356 941 4417; x_wconf 95' lang='lat' dir='ltr'><strong>lll</strong></span> <span class='ocrx_word' id='word_1_234' title='bbox 965 4359 1043 4428; x_wconf 65' lang='lat' dir='ltr'><strong>ibi,</strong></span> <span class='ocrx_word' id='word_1_235' title='bbox 1066 4356 1119 4419; x_wconf 79' lang='lat' dir='ltr'><strong>llio</strong></span> <span class='ocrx_word' id='word_1_236' title='bbox 1140 4359 1237 4427; x_wconf 82' lang='lat' dir='ltr'><strong>38,l6.</strong></span> 
     </span>
     <span class='ocr_line' id='line_1_29' title="bbox 350 4468 665 4543; baseline 0 -13"><span class='ocrx_word' id='word_1_237' title='bbox 350 4469 380 4543; x_wconf 87' lang='grc'><strong>3)</strong></span> <span class='ocrx_word' id='word_1_238' title='bbox 421 4468 454 4530; x_wconf 86' lang='lat' dir='ltr'><strong>ed</strong></span> <span class='ocrx_word' id='word_1_239' title='bbox 478 4469 534 4531; x_wconf 75' lang='lat' dir='ltr'><strong>An.</strong></span> <span class='ocrx_word' id='word_1_240' title='bbox 557 4469 594 4530; x_wconf 95' lang='lat' dir='ltr'><strong>lll</strong></span> <span class='ocrx_word' id='word_1_241' title='bbox 617 4473 665 4532; x_wconf 78' lang='lat'><strong>23.</strong></span> 
     </span>
    </p>
   </div>
   <div class='ocr_carea' id='block_1_5' title="bbox 0 0 1894 5488">
    <p class='ocr_par' dir='ltr' id='par_1_6' title="bbox 0 0 1894 5488">
     <span class='ocr_line' id='line_1_30' title="bbox 0 0 1894 5488; baseline 0 0"><span class='ocrx_word' id='word_1_242' title='bbox 0 0 1894 5488; x_wconf 95' lang='lat' dir='ltr'><strong> </strong></span> 
     </span>
    </p>
   </div>
  </div>
 </body>
</html>
