3778 5488
896 671 1056 741 ·198

660 875 686 936 0
706 876 754 935 oui
776 875 934 953 praecipue
954 891 1018 933 sors
1039 890 1105 931 mee
1127 871 1190 930 visa
1211 890 1265 931 sun
1286 876 1340 946 est,

621 991 791 1054 Attonitum
814 989 866 1067 qui
889 1006 944 1064 me,
967 988 1098 1064 memini,
1118 986 1279 1062 uerissime,
1302 989 1415 1064 primus

664 1106 764 1166 Ausus
783 1122 816 1164 es
835 1104 976 1182 adloquio
997 1103 1174 1163 sustinuisse
1195 1108 1265 1163 tuo.
1280 1149 1286 1161 .
1299 1147 1325 1162 ..

623 1224 705 1282 Haeo
728 1221 801 1281 mihi
821 1238 938 1299 semper
958 1224 1047 1280 erunt
1067 1220 1136 1278 imis
1156 1218 1251 1279 infixe
1273 1217 1421 1295 medullis,

660 1339 885 1416 Perpetuusque
906 1337 1025 1396 animae
1045 1335 1161 1396 debitor
1182 1335 1271 1395 huius
1291 1352 1352 1395 ero.

1182 1451 1242 1527 [Tr.
1265 1451 1280 1509 1
1302 1451 1422 1526 5.1-4,
1444 1453 1462 1507 9
1484 1451 1541 1526 sq.)

620 1571 667 1630 Sis
688 1587 809 1640 memor,
831 1573 862 1629 et
882 1569 983 1646 siquas
1003 1566 1074 1627 ieoit
1096 1567 1149 1627 tibi
1172 1567 1270 1643 grstia
1291 1567 1379 1642 vires,

661 1683 734 1745 Iiles
754 1702 809 1763 pro
829 1684 915 1745 nobis
935 1684 1091 1762 experiare
1112 1701 1194 1760 rogo.

1241 1797 1304 1876 (Tr.
1326 1797 1375 1856 III
1396 1797 1462 1856 621
1486 1799 1542 1873 sq.)

505 1935 648 2014 Cotta,
672 1935 733 2024 qui
757 1934 824 2002 suit
836 1953 879 2001 ex
893 1932 1091 2001 fautoribus
1109 1937 1242 2021 poetae,
1255 1930 1315 1999 sed
1329 1930 1459 1999 artiore
1472 1948 1580 2018 quarn

467 2062 574 2130 ceteri
598 2059 773 2129 amicitiae
797 2079 878 2128 cum
902 2077 944 2127 eo
966 2058 1111 2126 iunctus
1136 2053 1581 2140 cousuetudine(0wenl

464 2208 496 2276 p.
541 2183 675 2253 XXXII
717 2185 821 2274 sqq.),
860 2201 1106 2272 quaecumque
1142 2187 1289 2270 poterat,
1325 2176 1429 2249 saluti
1466 2177 1581 2247 Ovidii

464 2309 603 2378 videtur
624 2309 857 2397 impendisse;
880 2307 974 2397 quod
1000 2306 1124 2375 Ovidio
1148 2325 1356 2396 persuasum
1380 2310 1472 2372 eret:

621 2477 648 2538 0
670 2476 740 2535 mihi
764 2476 887 2535 dileotos
907 2476 987 2534 inter
1007 2493 1076 2553 pers
1097 2475 1194 2553 prims
1215 2473 1340 2545 sodales,

663 2592 759 2652 Union
780 2590 908 2651 fortunis
928 2610 982 2650 ars
1001 2595 1119 2668 repertu
1141 2589 1214 2650 meis
1226 2637 1233 2651 .
1246 2637 1252 2649 .
1266 2636 1292 2650 ..

623 2707 680 2778 Qui
703 2707 816 2767 veritus
837 2725 897 2766 nou
918 2724 950 2766 es
970 2712 1074 2784 portus
1094 2705 1210 2783 aperire
1231 2704 1334 2766 ddeles

662 2823 802 2894 Fulmina
823 2839 979 2900 peroussae
1000 2820 1233 2899 oonfugiumque
1254 2822 1326 2896 rati3

623 2938 717 2998 (iuius
737 2955 819 2998 erem
838 2957 928 2998 oensu
951 2956 1010 2998 nou
1033 2955 1080 2997 me
1100 2955 1243 2996 sensurus
1262 2941 1411 3014 egentem,

663 3054 694 3114 Si
716 3054 825 3115 Caesar
846 3053 959 3132 patries
978 3053 1137 3130 eripuisset
1156 3053 1243 3130 opes!
1255 3095 1263 3112 .
1276 3097 1282 3112 .
1296 3098 1322 3112 ..

623 3171 724 3248 thue
744 3169 827 3246 ienis,
848 3169 939 3230 remis
960 3167 998 3228 ed
1019 3186 1104 3247 opem
1126 3167 1240 3227 luotme
1260 3166 1423 3244 terendam,

630 3355 634 3363 ⁸
664 3287 743 3346 Dum
766 3285 867 3345 veniet
887 3283 1004 3362 pissido
1025 3282 1142 3343 mollior
1162 3302 1236 3343 sure
1257 3283 1313 3342 deo
1325 3329 1332 3342 .
1345 3326 1352 3342 .
1365 3329 1392 3343 ..

623 3403 735 3480 Teque,
756 3400 834 3479 quod
857 3405 902 3460 est
923 3417 1033 3470 rarum,
1056 3404 1175 3476 preests
1194 3403 1365 3459 oonsteuter
1385 3399 1424 3458 ed
1445 3417 1533 3458 omns

664 3516 868 3577 Iudeolinntse
888 3534 998 3575 munus
1019 3515 1177 3575 smioitiee.

880 3631 943 3708 (Tr.
965 3630 1010 3689 1v
1032 3630 1078 3690 5.1
1102 3649 1156 3708 sq.,
1179 3630 1267 3706 5-8,
1291 3633 1326 3690 19
1348 3648 1405 3708 sq.,
1428 3632 1466 3689 23
1488 3632 1543 3708 sq.)

623 3746 679 3806 1110
700 3748 879 3826 (Augustus)
900 3745 983 3806 dedit
1004 3746 1111 3821 vitem3
1133 3749 1175 3822 tu,
1197 3763 1287 3823 quam
1309 3744 1390 3805 dedit
1407 3744 1469 3823 iile,
1480 3747 1583 3822 tueris,

664 3864 702 3922 lut
723 3862 796 3923 ienis
815 3867 936 3940 seeepto
956 3879 1081 3922 munere
1102 3879 1186 3939 posse
1208 3860 1277 3921 irui.

1265 3975 1327 4054 (Tr.
1350 3977 1377 4036 V
1398 3979 1467 4036 ale
1488 3979 1544 4056 sq.)

509 4111 560 4179 Ex
595 4111 633 4179 P.
663 4109 886 4181 I9Cottam
911 4116 999 4194 orat,
1024 4115 1064 4178 ut
1087 4130 1178 4200 quae
1202 4130 1266 4199 pro
1289 4130 1331 4179 eo
1354 4108 1476 4180 Celsus
1500 4109 1582 4177 olim

465 4242 588 4324 poetae
613 4235 788 4324 pollicitus
812 4236 867 4319 sit,
891 4235 1004 4303 solvet
1027 4241 1134 4324 atque
1147 4235 1255 4324 igitur
1268 4235 1463 4324 principem
1481 4233 1585 4303 adeat

467 4361 533 4449 (vs.
557 4359 715 4445 25-30).
