3778 5488
901 674 969 743 249

492 875 585 952 Siqua
606 875 789 935 videbuntur
808 893 879 934 cusu
902 892 961 934 uou
983 873 1063 934 dictu
1084 875 1201 950 Latine,

531 992 566 1049 In
588 1009 649 1068 que
669 991 827 1067 scribebat,
849 991 976 1050 burburu
997 994 1079 1050 terre
1098 989 1163 1050 fuit.

1149 1106 1210 1182 (Tr.
1233 1105 1282 1163 111
1306 1106 1372 1164 1.ss
1395 1103 1453 1181 sq.)

491 1221 585 1300 Saepe
605 1221 726 1299 uiiqucd
745 1240 857 1299 quaero
879 1222 1002 1282 verbum
1025 1239 1194 1299 nomenque
1215 1222 1381 1298 locumque,

531 1337 594 1398 Nec
614 1338 773 1416 quicquum
795 1343 850 1408 eut,
872 1355 891 1395 a
910 1354 971 1415 quo
990 1337 1100 1396 certior
1117 1355 1181 1396 eece
1202 1353 1320 1415 qucum.

491 1453 597 1513 Dicere
615 1471 705 1530 nepe
724 1453 839 1530 aliquid
858 1453 979 1512 ucuuuii
1003 1487 1038 1498 -
1061 1457 1148 1532 turpe
1168 1452 1270 1513 interi!
1293 1485 1332 1496 —

531 1568 632 1630 Verbo
653 1569 725 1628 mihi
746 1568 864 1646 desunt,
885 1568 1071 1646 dedidicique
1093 1569 1182 1646 loqui.

490 1685 628 1746 Threicio
658 1685 856 1763 Scythicoque
876 1684 939 1744 iere
959 1685 1160 1746 circumsonor
1179 1702 1241 1760 ore,

531 1801 570 1860 Et
593 1799 695 1860 videor
715 1800 827 1860 Geticis
847 1801 976 1860 scribere
997 1819 1082 1878 poene
1104 1801 1214 1878 modiu3

491 1914 586 1976 Orode
607 1915 690 1986 mihi,
713 1915 813 1986 timec,
834 1933 872 1974 ue
892 1915 953 1974 sint
973 1916 1103 1975 iumixiu
1125 1917 1241 1976 Lutiuie

530 2033 627 2109 Inque
648 2031 721 2090 meis
741 2030 860 2109 scriptis
882 2031 1005 2091 Pontice
1027 2031 1119 2091 verbe
1139 2031 1231 2111 leges.

1195 2147 1248 2222 (ib.
1272 2147 1452 2220 lew-48)

490 2263 583 2340 Siqua
602 2263 676 2323 meie
696 2263 818 2339 fuerint,
838 2267 873 2321 ut
892 2269 990 2333 eruut,
1012 2263 1119 2323 vitiose
1139 2262 1258 2333 libeliis,

531 2378 682 2438 Excueutu
702 2397 756 2439 uuo
777 2383 919 2458 tempore,
941 2380 1042 2458 lector,
1064 2381 1148 2440 hube.

1174 2477 1236 2558 (Tr.
1259 2477 1303 2536 lv
1327 2479 1370 2536 1.1
1394 2476 1452 2554 eq.)

492 2593 538 2651 Eu
559 2592 652 2671 pudet
672 2597 703 2652 ei
722 2592 828 2665 iuteor,
849 2595 908 2654 iem
929 2593 1127 2654 desuetudine
1147 2593 1239 2671 longa

531 2709 593 2768 Vix
614 2710 744 2769 subeunt
765 2710 822 2788 ipsi
843 2711 936 2770 verbu
957 2711 1067 2769 Lutiuu
1088 2709 1170 2787 mihi,

491 2825 554 2885 Nec
574 2824 688 2902 dubito,
709 2827 783 2903 quiu
804 2827 864 2886 ciui
884 2831 914 2886 et
935 2827 967 2885 in
988 2826 1044 2886 hoc
1065 2844 1124 2886 uon
1146 2844 1240 2904 puucu
1260 2824 1362 2884 libello

532 2940 680 3001 Burburu:
703 2960 761 3001 ucu
784 2942 914 3002 homiuie
934 2941 1022 3020 culpu
1043 2941 1094 3001 ced
1115 2941 1173 3002 ieie
1193 2941 1259 3001 loci.

1159 3057 1220 3132 (Tr.
1242 3057 1271 3115 V
1292 3055 1453 3128 uui-60)

491 3173 560 3251 Ipse
582 3173 654 3232 mihi
676 3172 779 3234 videor
799 3174 859 3233 ium
880 3173 1056 3233 dedidicisse
1077 3173 1198 3232 Latine:

533 3288 611 3346 Num
632 3287 723 3348 didici
743 3289 848 3348 Getice
869 3288 1092 3366 Surmuticeque
1112 3288 1203 3366 loqui.

1204 3403 1257 3482 (ib.
1282 3403 1368 3463 1257
1389 3417 1450 3480 iq.)

493 3519 523 3579 Si
545 3519 612 3596 quie
633 3519 663 3578 in
685 3519 741 3578 huc
761 3519 858 3596 ipsum
880 3525 961 3578 terre
982 3519 1127 3598 poeniceet
1148 3519 1321 3597 Homerum,

533 3636 627 3706 iisset,
648 3635 735 3695 crede
757 3635 840 3712 mihi,
861 3634 957 3697 iccius
978 3641 1008 3695 et
1028 3635 1080 3695 ille
1100 3635 1199 3695 Getes.

1110 3757 1161 3827 (ex
1183 3752 1216 3811 P.
1239 3751 1371 3811 1v2.21
1394 3751 1452 3829 eq.)

417 3893 640 3975 Quinetiam
666 3893 821 3962 taedium
847 3913 884 3962 sc
910 3913 1050 3962 movere
1073 3893 1264 3962 sentiebat:

494 4047 585 4122 „Quis
606 4047 670 4116 tibi,
694 4046 784 4119 Nunc,
808 4047 912 4106 modus
933 4047 1081 4106 iucrimcei
1102 4045 1281 4105 carmiuiei”
1301 4045 1412 4123 inquis.

1236 4162 1297 4236 (Τι’.
1320 4161 1347 4220 V
1373 4162 1452 4238 1.35)

493 4261 605 4321 Tucdiu
625 4261 772 4321 consimili
794 4260 859 4320 fleri
881 4259 918 4320 de
939 4261 1070 4319 cuimine
1095 4260 1186 4336 vobis,

533 4376 671 4455 Quidque
691 4379 801 4455 petum,
822 4380 943 4436 cunctos
961 4374 1116 4435 edidicisse
1134 4393 1209 4437 reor.
