3792 5486
969 698 1036 766 150

440 901 609 971 audacter
632 905 928 969 commentatores
959 897 1196 967 coniecerunt.
1221 897 1409 966 Praeterea
1428 897 1464 965 in
1486 896 1560 986 epi-

440 1034 637 1116 grammate
650 1031 749 1093 sexto
761 1044 803 1092 ex
816 1023 869 1108 iis,
881 1042 972 1113 quae
986 1022 1139 1092 Senecae
1152 1023 1311 1091 exulanti
1322 1022 1559 1107 ascribuntur,

441 1152 592 1239 scriptor
626 1170 707 1219 cum
732 1148 902 1238 singulari
926 1148 1056 1216 amoris
1079 1154 1163 1217 uota
1188 1147 1345 1237 loquitur
1368 1147 1412 1216 de
1436 1146 1558 1236 Crispo

440 1276 604 1365 quodam,
629 1275 742 1343 amico
755 1273 860 1357 fideli,
873 1274 1017 1362 potenti,
1030 1272 1220 1362 eloquenti,
1232 1272 1480 1362 eloquentibus
1493 1292 1558 1341 avo

439 1410 475 1469 et
499 1406 599 1489 patre
624 1399 747 1488 digno:

638 1533 725 1594 Solus
746 1532 840 1593 honor
860 1532 945 1592 uobis
965 1549 1022 1591 arx
1043 1536 1074 1590 et
1094 1531 1243 1590 tutissima
1264 1530 1349 1591 nobie

679 1650 717 1708 ut
735 1667 814 1708 nuno
837 1648 945 1707 afflicto
965 1647 1028 1708 sola
1048 1648 1133 1725 quies
1156 1647 1266 1708 auimo.

437 1774 528 1842 Fieri
552 1779 676 1862 potest,
700 1778 741 1840 ut
762 1772 905 1860 Crispus
929 1771 986 1840 hic
1009 1771 1054 1839 sit
1077 1771 1113 1840 O.
1126 1771 1184 1840 ille
1197 1771 1384 1840 Passienus
1396 1771 1553 1862 Crispus,

438 1920 469 1966 a.
496 1897 541 1966 44
564 1897 686 1967 consul
709 1897 850 1980 iterum,
874 1896 941 1964 sub
960 1895 1106 1964 Claudio
1131 1897 1280 1964 maritus
1295 1896 1510 1986 Agrippinae
1522 1904 1557 1965 et

438 2023 483 2091 ab
517 2044 569 2105 ea,
605 2029 644 2090 ut
674 2023 799 2104 fertur,
823 2019 890 2088 sub
913 2019 1036 2090 eodem
1058 2020 1215 2109 principe
1241 2040 1375 2088 veneno
1399 2027 1556 2089 necatus,

438 2148 538 2229 Quod
571 2148 600 2216 si
624 2168 746 2215 verum
770 2153 824 2213 est
848 2145 969 2233 (negat
993 2145 1177 2233 Lipsius
1200 2144 1236 2212 in
1259 2146 1487 2214 annotatione
1512 2145 1557 2214 ad

440 2274 669 2361 epigramma,
694 2273 794 2340 aiunt
821 2270 1038 2358 Borghesi
1061 2275 1097 2337 et
1121 2269 1378 2359 Nipperdey
1402 2268 1556 2360 [ad'l'ac.

439 2398 479 2465 Α.
505 2396 550 2465 Vl
573 2396 662 2488 20])‚
687 2395 846 2464 videmus
869 2414 976 2483 quam
1002 2399 1118 2462 artum
1144 2392 1252 2461 luerit
1272 2394 1452 2463 vinculum
1466 2396 1558 2463 inter

439 2521 669 2610 Agrippinam
717 2527 751 2587 et
794 2519 1053 2609 philosophum,
1097 2538 1203 2608 quem
1247 2524 1368 2608 postea
1410 2521 1558 2588 summis

441 2645 631 2715 honoribus
654 2645 762 2714 auxit.
787 2644 935 2714 Carmen
963 2645 999 2712 in
1013 2643 1183 2712 honorem
1196 2642 1309 2733 Grispi
1324 2645 1556 2733 postexilium

437 2771 473 2838 iu
497 2769 613 2839 lucem
636 2770 770 2838 editum
794 2789 870 2838 esse
892 2769 1078 2838 verisimile
1091 2776 1238 2853 nonest,
1251 2769 1279 2836 si
1293 2768 1380 2837 fides
1394 2769 1556 2838 habenda

436 2901 490 2964 est
524 2887 733 2964 narrationi
753 2895 796 2962 de
831 2892 953 2982 Crispo
988 2893 1033 2960 ab
1069 2913 1177 2961 uxore
1209 2892 1327 2962 dolose
1350 2893 1554 2979 interlect03

437 3026 552 3109 potest
585 3026 705 3087 tamen
737 3039 757 3086 a
780 3017 921 3087 Corsica
945 3017 1110 3106 privatim
1133 3017 1177 3085 ad
1202 3037 1283 3085 eum
1310 3019 1456 3087 missum
1481 3039 1556 3088 esse

438 3150 477 3213 ut
500 3143 691 3213 nonnullae
716 3142 830 3212 Ovidii
855 3142 1036 3231 epistulae.
1061 3142 1294 3211 Familiaritas
1317 3150 1553 3232 autem,quae

436 3277 584 3358 apparet
618 3269 653 3337 in
689 3287 850 3336 sermone
883 3287 967 3355 erga
991 3265 1166 3356 Crispum,
1190 3267 1294 3335 alicui
1319 3266 1467 3336 fortasse
1494 3289 1556 3357 pru

437 3400 647 3481 argumento
682 3412 756 3461 esse
793 3393 912 3482 possit,
947 3391 1057 3474 illum,
1089 3392 1145 3460 cui
1170 3412 1252 3460 cum
1277 3392 1403 3460 marito
1427 3394 1556 3462 sororis

438 3516 580 3586 Liuillae
603 3525 703 3585 tanta
726 3516 881 3585 amicitia
904 3523 1007 3594 esset,
1020 3537 1102 3584 cum
1114 3517 1190 3604 ipsa
1203 3535 1327 3583 revera
1339 3517 1557 3586 commisisse

436 3641 661 3725 adulterium,
686 3641 788 3709 cuius
812 3647 1000 3710 accusatus
1023 3649 1084 3708 est.
1110 3639 1158 3707 At
1171 3640 1256 3709 haec
1269 3645 1352 3708 suut
1365 3639 1556 3709 audaciora

436 3766 563 3834 itinera
597 3767 633 3833 in
670 3773 808 3833 vastum
843 3765 1129 3834 coniecturarum
1165 3767 1279 3834 maret
1318 3764 1368 3832 De
1403 3764 1557 3835 Senecae

435 3891 558 3959 amicis
584 3890 667 3958 mihi
691 3889 835 3978 quidem
860 3889 962 3978 plura
988 3891 1146 3958 invenire
1172 3911 1240 3958 non
1268 3889 1377 3958 licuit.
1402 3927 1445 3940 -

481 4015 702 4094 Ciceroni,
738 4019 858 4103 utpote
894 4024 1042 4103 patrono
1076 4014 1305 4083 celeberrimo
1329 4021 1364 4082 et
1386 4016 1423 4082 in
1448 4015 1555 4084 rebus

437 4139 586 4228 publicis
618 4140 863 4222 versatissimo
888 4140 1002 4206 omnis
1025 4140 1098 4207 lere
1124 4139 1238 4222 homo,
1263 4139 1323 4227 qui
1350 4138 1493 4227 quidem
1519 4140 1555 4207 in

436 4284 474 4332 re
511 4264 650 4352 publica
684 4264 832 4333 alicuius
865 4264 1032 4331 momenti
1060 4272 1147 4346 erat,
1171 4271 1253 4332 ante
1276 4264 1369 4333 exilii
1393 4270 1556 4353 tempora

437 4395 499 4457 aut
522 4390 637 4458 socius
660 4389 728 4457 suit
746 4397 808 4457 aut
820 4389 1054 4458 adversarius.
1068 4389 1139 4458 Hos
1150 4389 1322 4474 inimicos,
1334 4389 1412 4458 illos
1425 4391 1556 4459 amicos
