<?xml version="1.0" encoding="UTF-8"?>
<!DOCTYPE html PUBLIC "-//W3C//DTD XHTML 1.0 Transitional//EN"
    "http://www.w3.org/TR/xhtml1/DTD/xhtml1-transitional.dtd">
<html xmlns="http://www.w3.org/1999/xhtml" xml:lang="en" lang="en">
 <head>
  <title>
</title>
<meta http-equiv="Content-Type" content="text/html;charset=utf-8" />
  <meta name='ocr-system' content='tesseract 3.04.00' />
  <meta name='ocr-capabilities' content='ocr_page ocr_carea ocr_par ocr_line ocrx_word'/>
</head>
<body>
  <div class='ocr_page' id='page_1' title='image "./exulumtriassive00leopgoog_0016.png"; bbox 0 0 3734 5518; ppageno 0'>
   <div class='ocr_carea' id='block_1_1' title="bbox 855 713 880 782">
    <p class='ocr_par' dir='ltr' id='par_1_1' title="bbox 855 713 880 782">
     <span class='ocr_line' id='line_1_1' title="bbox 855 713 880 782; baseline 0 0"><span class='ocrx_word' id='word_1_1' title='bbox 855 713 880 782; x_wconf 78' lang='lat'>3</span> 
     </span>
    </p>
   </div>
   <div class='ocr_carea' id='block_1_2' title="bbox 297 911 1512 2746">
    <p class='ocr_par' dir='ltr' id='par_1_2' title="bbox 302 911 1423 1498">
     <span class='ocr_line' id='line_1_2' title="bbox 304 911 1423 1002; baseline 0.005 -27"><span class='ocrx_word' id='word_1_2' title='bbox 304 929 454 978; x_wconf 87' lang='lat' dir='ltr'>narrans</span> <span class='ocrx_word' id='word_1_3' title='bbox 489 929 525 978; x_wconf 89' lang='lat' dir='ltr'>se</span> <span class='ocrx_word' id='word_1_4' title='bbox 562 911 762 980; x_wconf 85' lang='lat' dir='ltr'>meminisse</span> <span class='ocrx_word' id='word_1_5' title='bbox 798 917 947 980; x_wconf 88' lang='lat' dir='ltr'>matrem</span> <span class='ocrx_word' id='word_1_6' title='bbox 985 913 1128 1002; x_wconf 84' lang='lat' dir='ltr'>lagonas</span> <span class='ocrx_word' id='word_1_7' title='bbox 1162 915 1269 981; x_wconf 88' lang='lat' dir='ltr'>etiam</span> <span class='ocrx_word' id='word_1_8' title='bbox 1308 914 1423 982; x_wconf 90' lang='lat' dir='ltr'>inanis</span> 
     </span>
     <span class='ocr_line' id='line_1_3' title="bbox 304 1032 1422 1127; baseline 0.004 -26"><span class='ocrx_word' id='word_1_9' title='bbox 304 1032 500 1123; x_wconf 86' lang='lat' dir='ltr'>obsignare,</span> <span class='ocrx_word' id='word_1_10' title='bbox 530 1055 597 1120; x_wconf 90' lang='lat' dir='ltr'>„ne</span> <span class='ocrx_word' id='word_1_11' title='bbox 627 1035 832 1104; x_wconf 82' lang='lat' dir='ltr'>dicerentur</span> <span class='ocrx_word' id='word_1_12' title='bbox 863 1037 987 1106; x_wconf 86' lang='lat' dir='ltr'>inanes</span> <span class='ocrx_word' id='word_1_13' title='bbox 1017 1036 1157 1127; x_wconf 80' lang='lat' dir='ltr'>aliquae</span> <span class='ocrx_word' id='word_1_14' title='bbox 1188 1037 1306 1121; x_wconf 77' lang='lat' dir='ltr'>fuisse,</span> <span class='ocrx_word' id='word_1_15' title='bbox 1331 1058 1422 1126; x_wconf 83' lang='lat' dir='ltr'>quae</span> 
     </span>
     <span class='ocr_line' id='line_1_4' title="bbox 302 1156 1423 1250; baseline 0.004 -24"><span class='ocrx_word' id='word_1_16' title='bbox 302 1156 424 1227; x_wconf 83' lang='lat' dir='ltr'>furtim</span> <span class='ocrx_word' id='word_1_17' title='bbox 460 1167 578 1228; x_wconf 82' lang='lat' dir='ltr'>essent</span> <span class='ocrx_word' id='word_1_18' title='bbox 612 1161 829 1230; x_wconf 76' lang='lat' dir='ltr'>exsiccatae&#39;</span> <span class='ocrx_word' id='word_1_19' title='bbox 861 1163 919 1248; x_wconf 86' lang='lat' dir='ltr'>(ad</span> <span class='ocrx_word' id='word_1_20' title='bbox 953 1164 1036 1232; x_wconf 82' lang='lat' dir='ltr'>fam.</span> <span class='ocrx_word' id='word_1_21' title='bbox 1073 1163 1151 1231; x_wconf 90' lang='lat' dir='ltr'>XVl</span> <span class='ocrx_word' id='word_1_22' title='bbox 1174 1162 1278 1250; x_wconf 70' lang='lat'>262).</span> <span class='ocrx_word' id='word_1_23' title='bbox 1326 1162 1423 1232; x_wconf 86' lang='lat' dir='ltr'>Alias</span> 
     </span>
     <span class='ocr_line' id='line_1_5' title="bbox 302 1283 1422 1377; baseline 0.004 -26"><span class='ocrx_word' id='word_1_24' title='bbox 302 1283 448 1352; x_wconf 74' lang='lat' dir='ltr'>forsitan</span> <span class='ocrx_word' id='word_1_25' title='bbox 480 1307 501 1353; x_wconf 90' lang='lat' dir='ltr'>a</span> <span class='ocrx_word' id='word_1_26' title='bbox 526 1293 638 1354; x_wconf 88' lang='lat' dir='ltr'>matre</span> <span class='ocrx_word' id='word_1_27' title='bbox 662 1287 838 1376; x_wconf 88' lang='lat' dir='ltr'>acceperit</span> <span class='ocrx_word' id='word_1_28' title='bbox 864 1287 1005 1358; x_wconf 87' lang='lat' dir='ltr'>Marcus</span> <span class='ocrx_word' id='word_1_29' title='bbox 1031 1289 1187 1372; x_wconf 70' lang='lat' dir='ltr'>virtutes</span> <span class='ocrx_word' id='word_1_30' title='bbox 1211 1288 1287 1356; x_wconf 92' lang='lat' dir='ltr'>eius</span> <span class='ocrx_word' id='word_1_31' title='bbox 1310 1289 1422 1377; x_wconf 86' lang='lat' dir='ltr'>parsi-</span> 
     </span>
     <span class='ocr_line' id='line_1_6' title="bbox 304 1409 974 1498; baseline 0.01 -23"><span class='ocrx_word' id='word_1_32' title='bbox 304 1409 441 1478; x_wconf 88' lang='lat' dir='ltr'>moniae</span> <span class='ocrx_word' id='word_1_33' title='bbox 465 1410 568 1479; x_wconf 89' lang='lat' dir='ltr'>heres</span> <span class='ocrx_word' id='word_1_34' title='bbox 587 1413 731 1481; x_wconf 87' lang='lat' dir='ltr'>omnino</span> <span class='ocrx_word' id='word_1_35' title='bbox 754 1433 824 1481; x_wconf 90' lang='lat' dir='ltr'>non</span> <span class='ocrx_word' id='word_1_36' title='bbox 852 1412 918 1480; x_wconf 85' lang='lat' dir='ltr'>fuit</span> <span class='ocrx_word' id='word_1_37' title='bbox 936 1417 974 1498; x_wconf 91' lang='lat'>¹).</span> 
     </span>
    </p>

    <p class='ocr_par' dir='ltr' id='par_1_3' title="bbox 303 1533 1420 1728">
     <span class='ocr_line' id='line_1_7' title="bbox 346 1533 1420 1628; baseline 0.005 -27"><span class='ocrx_word' id='word_1_38' title='bbox 346 1533 439 1603; x_wconf 78' lang='lat' dir='ltr'>&#39;l&#39;alis</span> <span class='ocrx_word' id='word_1_39' title='bbox 470 1536 567 1625; x_wconf 87' lang='lat' dir='ltr'>origo</span> <span class='ocrx_word' id='word_1_40' title='bbox 597 1544 676 1606; x_wconf 88' lang='lat' dir='ltr'>erat</span> <span class='ocrx_word' id='word_1_41' title='bbox 709 1537 837 1627; x_wconf 91' lang='lat' dir='ltr'>equitis</span> <span class='ocrx_word' id='word_1_42' title='bbox 868 1537 1059 1626; x_wconf 68' lang='lat' dir='ltr'>Arpinatis</span> <span class='ocrx_word' id='word_1_43' title='bbox 1092 1538 1171 1606; x_wconf 93' lang='lat' dir='ltr'>urbi</span> <span class='ocrx_word' id='word_1_44' title='bbox 1194 1560 1236 1606; x_wconf 88' lang='lat' dir='ltr'>ex</span> <span class='ocrx_word' id='word_1_45' title='bbox 1264 1540 1420 1628; x_wconf 89' lang='lat' dir='ltr'>proximo</span> 
     </span>
     <span class='ocr_line' id='line_1_8' title="bbox 303 1659 649 1728; baseline 0.006 -2"><span class='ocrx_word' id='word_1_46' title='bbox 303 1659 392 1727; x_wconf 90' lang='lat' dir='ltr'>vires</span> <span class='ocrx_word' id='word_1_47' title='bbox 415 1659 581 1728; x_wconf 90' lang='lat' dir='ltr'>addituri.</span> <span class='ocrx_word' id='word_1_48' title='bbox 606 1699 649 1711; x_wconf 93' lang='lat'><em>-</em></span> 
     </span>
    </p>

    <p class='ocr_par' dir='ltr' id='par_1_4' title="bbox 297 1781 1512 2746">
     <span class='ocr_line' id='line_1_9' title="bbox 344 1781 1420 1878; baseline 0.007 -28"><span class='ocrx_word' id='word_1_49' title='bbox 344 1781 610 1872; x_wconf 89' lang='lat' dir='ltr'>Quinquaginta</span> <span class='ocrx_word' id='word_1_50' title='bbox 641 1785 743 1852; x_wconf 89' lang='lat' dir='ltr'>annis</span> <span class='ocrx_word' id='word_1_51' title='bbox 781 1793 858 1875; x_wconf 90' lang='lat' dir='ltr'>post</span> <span class='ocrx_word' id='word_1_52' title='bbox 892 1786 1003 1855; x_wconf 90' lang='lat' dir='ltr'>Roma</span> <span class='ocrx_word' id='word_1_53' title='bbox 1037 1807 1080 1855; x_wconf 82' lang='lat' dir='ltr'>ex</span> <span class='ocrx_word' id='word_1_54' title='bbox 1114 1788 1420 1878; x_wconf 77' lang='lat' dir='ltr'>longinquioribus</span> 
     </span>
     <span class='ocr_line' id='line_1_10' title="bbox 299 1893 1512 2002; baseline 0.007 -27"><span class='ocrx_word' id='word_1_55' title='bbox 299 1907 369 1977; x_wconf 92' lang='lat' dir='ltr'>iam</span> <span class='ocrx_word' id='word_1_56' title='bbox 395 1908 596 1997; x_wconf 89' lang='lat' dir='ltr'>regionibus</span> <span class='ocrx_word' id='word_1_57' title='bbox 620 1911 961 1999; x_wconf 83' lang='lat' dir='ltr'>praestantissimum</span> <span class='ocrx_word' id='word_1_58' title='bbox 988 1933 1165 2002; x_wconf 88' lang='lat' dir='ltr'>quemque</span> <span class='ocrx_word' id='word_1_59' title='bbox 1185 1914 1228 1981; x_wconf 89' lang='lat' dir='ltr'>ad</span> <span class='ocrx_word' id='word_1_60' title='bbox 1243 1934 1280 1982; x_wconf 91' lang='lat' dir='ltr'>se</span> <span class='ocrx_word' id='word_1_61' title='bbox 1293 1915 1418 1982; x_wconf 87' lang='lat' dir='ltr'>tralrit:</span> <span class='ocrx_word' id='word_1_62' title='bbox 1511 1893 1512 1898; x_wconf 6' lang='grc' dir='ltr'>ἵ</span> 
     </span>
     <span class='ocr_line' id='line_1_11' title="bbox 300 2033 1416 2124; baseline 0.004 -24"><span class='ocrx_word' id='word_1_63' title='bbox 300 2033 494 2124; x_wconf 74' lang='lat' dir='ltr'>Agrippam</span> <span class='ocrx_word' id='word_1_64' title='bbox 527 2034 647 2123; x_wconf 90' lang='lat' dir='ltr'>ignota</span> <span class='ocrx_word' id='word_1_65' title='bbox 678 2033 823 2119; x_wconf 82' lang='lat' dir='ltr'>familia,</span> <span class='ocrx_word' id='word_1_66' title='bbox 856 2036 990 2104; x_wconf 88' lang='lat' dir='ltr'>ineerta</span> <span class='ocrx_word' id='word_1_67' title='bbox 1014 2037 1127 2124; x_wconf 86' lang='lat' dir='ltr'>patria</span> <span class='ocrx_word' id='word_1_68' title='bbox 1152 2046 1274 2106; x_wconf 88' lang='lat' dir='ltr'>natum</span> <span class='ocrx_word' id='word_1_69' title='bbox 1294 2039 1334 2124; x_wconf 79' lang='lat'>2),</span> <span class='ocrx_word' id='word_1_70' title='bbox 1358 2040 1416 2107; x_wconf 90' lang='lat' dir='ltr'>sed</span> 
     </span>
     <span class='ocr_line' id='line_1_12' title="bbox 301 2158 1418 2247; baseline 0.007 -24"><span class='ocrx_word' id='word_1_71' title='bbox 301 2158 513 2240; x_wconf 85' lang='lat' dir='ltr'>„rusticitati</span> <span class='ocrx_word' id='word_1_72' title='bbox 537 2159 735 2247; x_wconf 85' lang='lat' dir='ltr'>propiorem</span> <span class='ocrx_word' id='word_1_73' title='bbox 761 2179 868 2246; x_wconf 90' lang='lat' dir='ltr'>quam</span> <span class='ocrx_word' id='word_1_74' title='bbox 893 2159 1027 2228; x_wconf 83' lang='lat' dir='ltr'>deliciis</span> <span class='ocrx_word' id='word_1_75' title='bbox 1050 2160 1153 2246; x_wconf 84' lang='lat' dir='ltr'>(Plio.</span> <span class='ocrx_word' id='word_1_76' title='bbox 1180 2162 1265 2230; x_wconf 90' lang='grc' dir='ltr'><strong>Ν.Η.</strong></span> <span class='ocrx_word' id='word_1_77' title='bbox 1289 2163 1418 2232; x_wconf 87' lang='lat' dir='ltr'>XXXV</span> 
     </span>
     <span class='ocr_line' id='line_1_13' title="bbox 298 2280 1414 2375; baseline 0.006 -27"><span class='ocrx_word' id='word_1_78' title='bbox 298 2280 403 2369; x_wconf 68' lang='lat'><strong>4:26),</strong></span> <span class='ocrx_word' id='word_1_79' title='bbox 420 2281 672 2366; x_wconf 78' lang='lat' dir='ltr'>Maecenatem,</span> <span class='ocrx_word' id='word_1_80' title='bbox 685 2302 730 2350; x_wconf 86' lang='lat' dir='ltr'>ex</span> <span class='ocrx_word' id='word_1_81' title='bbox 742 2283 890 2352; x_wconf 83' lang='lat' dir='ltr'>Etrusca</span> <span class='ocrx_word' id='word_1_82' title='bbox 902 2283 1096 2353; x_wconf 82' lang='lat' dir='ltr'>Cilniorum</span> <span class='ocrx_word' id='word_1_83' title='bbox 1109 2292 1213 2374; x_wconf 87' lang='lat' dir='ltr'>genle</span> <span class='ocrx_word' id='word_1_84' title='bbox 1230 2287 1272 2375; x_wconf 82' lang='lat'>³),</span> <span class='ocrx_word' id='word_1_85' title='bbox 1284 2287 1414 2355; x_wconf 89' lang='lat' dir='ltr'>artium</span> 
     </span>
     <span class='ocr_line' id='line_1_14' title="bbox 297 2403 1419 2500; baseline 0.007 -28"><span class='ocrx_word' id='word_1_86' title='bbox 297 2403 473 2475; x_wconf 82' lang='lat' dir='ltr'>fautorem</span> <span class='ocrx_word' id='word_1_87' title='bbox 511 2408 671 2475; x_wconf 87' lang='lat' dir='ltr'>luxuriae</span> <span class='ocrx_word' id='word_1_88' title='bbox 706 2406 864 2476; x_wconf 90' lang='lat' dir='ltr'>deditum</span> <span class='ocrx_word' id='word_1_89' title='bbox 899 2409 958 2476; x_wconf 90' lang='lat' dir='ltr'>sed</span> <span class='ocrx_word' id='word_1_90' title='bbox 996 2415 1114 2477; x_wconf 89' lang='lat' dir='ltr'>tamen</span> <span class='ocrx_word' id='word_1_91' title='bbox 1148 2411 1182 2478; x_wconf 91' lang='lat' dir='ltr'>in</span> <span class='ocrx_word' id='word_1_92' title='bbox 1217 2412 1419 2500; x_wconf 83' lang='lat' dir='ltr'>republica</span> 
     </span>
     <span class='ocr_line' id='line_1_15' title="bbox 298 2529 1416 2620; baseline 0.005 -22"><span class='ocrx_word' id='word_1_93' title='bbox 298 2529 454 2616; x_wconf 86' lang='lat' dir='ltr'>gerenda</span> <span class='ocrx_word' id='word_1_94' title='bbox 489 2531 649 2620; x_wconf 88' lang='lat' dir='ltr'>Augusto</span> <span class='ocrx_word' id='word_1_95' title='bbox 688 2534 822 2601; x_wconf 85' lang='lat' dir='ltr'>socium</span> <span class='ocrx_word' id='word_1_96' title='bbox 856 2534 1093 2603; x_wconf 89' lang='lat' dir='ltr'>utilissimum.</span> <span class='ocrx_word' id='word_1_97' title='bbox 1130 2534 1238 2604; x_wconf 90' lang='lat' dir='ltr'>Porro</span> <span class='ocrx_word' id='word_1_98' title='bbox 1263 2536 1416 2605; x_wconf 84' lang='lat' dir='ltr'>Asisium</span> 
     </span>
     <span class='ocr_line' id='line_1_16' title="bbox 297 2653 1417 2746; baseline 0.007 -26"><span class='ocrx_word' id='word_1_99' title='bbox 297 2654 331 2721; x_wconf 93' lang='lat' dir='ltr'>in</span> <span class='ocrx_word' id='word_1_100' title='bbox 371 2653 494 2722; x_wconf 91' lang='lat' dir='ltr'>urbem</span> <span class='ocrx_word' id='word_1_101' title='bbox 534 2656 641 2724; x_wconf 87' lang='lat' dir='ltr'>mittit</span> <span class='ocrx_word' id='word_1_102' title='bbox 676 2656 899 2746; x_wconf 86' lang='lat' dir='ltr'>Propertium</span> <span class='ocrx_word' id='word_1_103' title='bbox 936 2658 1055 2746; x_wconf 85' lang='lat' dir='ltr'>(Prop.</span> <span class='ocrx_word' id='word_1_104' title='bbox 1094 2658 1417 2744; x_wconf 78' lang='lat' dir='ltr'>Vl.125)‚Andes</span> 
     </span>
    </p>
   </div>
   <div class='ocr_carea' id='block_1_3' title="bbox 295 2777 1417 3244">
    <p class='ocr_par' dir='ltr' id='par_1_5' title="bbox 295 2777 1417 3113">
     <span class='ocr_line' id='line_1_17' title="bbox 297 2777 1417 2873; baseline 0.006 -28"><span class='ocrx_word' id='word_1_105' title='bbox 297 2777 503 2866; x_wconf 87' lang='lat' dir='ltr'>Vergilium,</span> <span class='ocrx_word' id='word_1_106' title='bbox 527 2780 633 2870; x_wconf 86' lang='lat' dir='ltr'>Apuli</span> <span class='ocrx_word' id='word_1_107' title='bbox 659 2781 842 2850; x_wconf 88' lang='lat' dir='ltr'>Horatium</span> <span class='ocrx_word' id='word_1_108' title='bbox 869 2783 1100 2866; x_wconf 84' lang='lat' dir='ltr'>Venusinum,</span> <span class='ocrx_word' id='word_1_109' title='bbox 1126 2783 1257 2873; x_wconf 80' lang='lat' dir='ltr'>Peligni</span> <span class='ocrx_word' id='word_1_110' title='bbox 1278 2783 1417 2854; x_wconf 87' lang='lat' dir='ltr'>Sulmo·</span> 
     </span>
     <span class='ocr_line' id='line_1_18' title="bbox 296 2903 1416 2997; baseline 0.008 -29"><span class='ocrx_word' id='word_1_111' title='bbox 296 2922 440 2970; x_wconf 90' lang='lat' dir='ltr'>nensem</span> <span class='ocrx_word' id='word_1_112' title='bbox 467 2903 677 2973; x_wconf 87' lang='lat' dir='ltr'>Ovidium</span> <span class='ocrx_word' id='word_1_113' title='bbox 700 2945 743 2955; x_wconf 92' lang='lat'><strong>—</strong></span> <span class='ocrx_word' id='word_1_114' title='bbox 767 2906 917 2975; x_wconf 87' lang='lat' dir='ltr'>alterum</span> <span class='ocrx_word' id='word_1_115' title='bbox 944 2906 1121 2975; x_wconf 89' lang='lat' dir='ltr'>hominem</span> <span class='ocrx_word' id='word_1_116' title='bbox 1147 2929 1275 2976; x_wconf 87' lang='lat' dir='ltr'>uorum</span> <span class='ocrx_word' id='word_1_117' title='bbox 1290 2909 1416 2997; x_wconf 89' lang='lat' dir='ltr'>dequo</span> 
     </span>
     <span class='ocr_line' id='line_1_19' title="bbox 295 3009 897 3113; baseline 0.008 -20"><span class='ocrx_word' id='word_1_118' title='bbox 295 3027 417 3113; x_wconf 88' lang='lat' dir='ltr'>paucis</span> <span class='ocrx_word' id='word_1_119' title='bbox 440 3027 541 3096; x_wconf 83' lang='lat' dir='ltr'>nobis</span> <span class='ocrx_word' id='word_1_120' title='bbox 565 3009 809 3099; x_wconf 89' lang='lat' dir='ltr'>disserendum</span> <span class='ocrx_word' id='word_1_121' title='bbox 833 3036 897 3100; x_wconf 88' lang='lat' dir='ltr'>est.</span> 
     </span>
    </p>

    <p class='ocr_par' dir='ltr' id='par_1_6' title="bbox 338 3151 1416 3244">
     <span class='ocr_line' id='line_1_20' title="bbox 338 3151 1416 3244; baseline 0.006 -26"><span class='ocrx_word' id='word_1_122' title='bbox 338 3151 434 3219; x_wconf 87' lang='lat' dir='ltr'>Gens</span> <span class='ocrx_word' id='word_1_123' title='bbox 448 3155 477 3237; x_wconf 83' lang='grc'>4)</span> <span class='ocrx_word' id='word_1_124' title='bbox 502 3159 601 3221; x_wconf 89' lang='lat' dir='ltr'>vetus</span> <span class='ocrx_word' id='word_1_125' title='bbox 625 3162 660 3222; x_wconf 90' lang='lat' dir='ltr'>et</span> <span class='ocrx_word' id='word_1_126' title='bbox 682 3157 856 3244; x_wconf 88' lang='lat' dir='ltr'>equestris</span> <span class='ocrx_word' id='word_1_127' title='bbox 873 3158 901 3241; x_wconf 81' lang='grc'>5)</span> <span class='ocrx_word' id='word_1_128' title='bbox 924 3164 1002 3224; x_wconf 91' lang='lat' dir='ltr'>erat</span> <span class='ocrx_word' id='word_1_129' title='bbox 1024 3162 1059 3225; x_wconf 87' lang='lat' dir='ltr'>et</span> <span class='ocrx_word' id='word_1_130' title='bbox 1083 3157 1250 3225; x_wconf 87' lang='lat' dir='ltr'>Sulmone</span> <span class='ocrx_word' id='word_1_131' title='bbox 1279 3155 1416 3242; x_wconf 75' lang='lat' dir='ltr'>nobilis,</span> 
     </span>
    </p>
   </div>
   <div class='ocr_carea' id='block_1_4' title="bbox 296 3298 510 3308">
    <p class='ocr_par' dir='ltr' id='par_1_7' title="bbox 296 3298 510 3308">
     <span class='ocr_line' id='line_1_21' title="bbox 296 3298 510 3308; baseline 0.009 -2"><span class='ocrx_word' id='word_1_132' title='bbox 296 3298 510 3308; x_wconf 78' lang='grc' dir='ltr'>ι---.--</span> 
     </span>
    </p>
   </div>
   <div class='ocr_carea' id='block_1_5' title="bbox 292 3357 1417 4488">
    <p class='ocr_par' dir='ltr' id='par_1_8' title="bbox 333 3357 1107 3441">
     <span class='ocr_line' id='line_1_22' title="bbox 333 3357 1107 3441; baseline 0.006 -25"><span class='ocrx_word' id='word_1_133' title='bbox 333 3359 363 3429; x_wconf 79' lang='grc'>1)</span> <span class='ocrx_word' id='word_1_134' title='bbox 383 3357 448 3418; x_wconf 86' lang='lat' dir='ltr'>Vid.</span> <span class='ocrx_word' id='word_1_135' title='bbox 471 3357 636 3420; x_wconf 86' lang='lat' dir='ltr'>Boissier</span> <span class='ocrx_word' id='word_1_136' title='bbox 658 3359 776 3421; x_wconf 76' lang='lat' dir='ltr'>Ciciron</span> <span class='ocrx_word' id='word_1_137' title='bbox 798 3369 827 3422; x_wconf 90' lang='lat' dir='ltr'>et</span> <span class='ocrx_word' id='word_1_138' title='bbox 848 3380 893 3423; x_wconf 89' lang='lat' dir='ltr'>ses</span> <span class='ocrx_word' id='word_1_139' title='bbox 914 3362 987 3422; x_wconf 82' lang='lat' dir='ltr'>umis</span> <span class='ocrx_word' id='word_1_140' title='bbox 1009 3380 1036 3441; x_wconf 93' lang='lat' dir='ltr'>p.</span> <span class='ocrx_word' id='word_1_141' title='bbox 1059 3365 1107 3422; x_wconf 83' lang='grc'>91.</span> 
     </span>
    </p>

    <p class='ocr_par' dir='ltr' id='par_1_9' title="bbox 294 3454 1417 3667">
     <span class='ocr_line' id='line_1_23' title="bbox 334 3454 1417 3557; baseline 0.007 -25"><span class='ocrx_word' id='word_1_142' title='bbox 334 3475 363 3550; x_wconf 74' lang='lat'>2)</span> <span class='ocrx_word' id='word_1_143' title='bbox 400 3473 442 3534; x_wconf 78' lang='lat' dir='ltr'>el.</span> <span class='ocrx_word' id='word_1_144' title='bbox 475 3473 586 3536; x_wconf 86' lang='lat' dir='ltr'>llotte</span> <span class='ocrx_word' id='word_1_145' title='bbox 617 3454 710 3536; x_wconf 72' lang='lat' dir='ltr'>irone</span> <span class='ocrx_word' id='word_1_146' title='bbox 732 3495 782 3538; x_wconf 91' lang='lat' dir='ltr'>sur</span> <span class='ocrx_word' id='word_1_147' title='bbox 805 3477 916 3539; x_wconf 83' lang='lat' dir='ltr'>Morcus</span> <span class='ocrx_word' id='word_1_148' title='bbox 944 3477 1069 3557; x_wconf 85' lang='lat' dir='ltr'>Agrippa</span> <span class='ocrx_word' id='word_1_149' title='bbox 1091 3477 1302 3556; x_wconf 85' lang='lat' dir='ltr'>Gund—Poris,</span> <span class='ocrx_word' id='word_1_150' title='bbox 1339 3483 1417 3540; x_wconf 63' lang='lat'><strong>187⁹)</strong></span> 
     </span>
     <span class='ocr_line' id='line_1_24' title="bbox 294 3591 515 3667; baseline 0.005 -19"><span class='ocrx_word' id='word_1_151' title='bbox 294 3606 321 3667; x_wconf 93' lang='lat' dir='ltr'>p.</span> <span class='ocrx_word' id='word_1_152' title='bbox 345 3591 515 3651; x_wconf 72' lang='lat' dir='ltr'>tlt—lun.</span> 
     </span>
    </p>

    <p class='ocr_par' dir='ltr' id='par_1_10' title="bbox 292 3703 1415 4016">
     <span class='ocr_line' id='line_1_25' title="bbox 332 3703 1414 3792; baseline 0.006 -26"><span class='ocrx_word' id='word_1_153' title='bbox 332 3705 362 3782; x_wconf 89' lang='grc'>3)</span> <span class='ocrx_word' id='word_1_154' title='bbox 393 3703 469 3765; x_wconf 82' lang='lat' dir='ltr'>Fieri</span> <span class='ocrx_word' id='word_1_155' title='bbox 503 3713 604 3784; x_wconf 88' lang='lat' dir='ltr'>polest,</span> <span class='ocrx_word' id='word_1_156' title='bbox 637 3713 669 3767; x_wconf 89' lang='lat' dir='ltr'>ut</span> <span class='ocrx_word' id='word_1_157' title='bbox 699 3715 779 3786; x_wconf 84' lang='lat' dir='ltr'>pater</span> <span class='ocrx_word' id='word_1_158' title='bbox 808 3707 872 3768; x_wconf 88' lang='lat' dir='ltr'>eius</span> <span class='ocrx_word' id='word_1_159' title='bbox 903 3707 991 3769; x_wconf 87' lang='lat' dir='ltr'>luerit</span> <span class='ocrx_word' id='word_1_160' title='bbox 1019 3711 1049 3771; x_wconf 85' lang='lat' dir='ltr'>G.</span> <span class='ocrx_word' id='word_1_161' title='bbox 1072 3709 1219 3771; x_wconf 85' lang='lat' dir='ltr'>llaeoenns</span> <span class='ocrx_word' id='word_1_162' title='bbox 1240 3710 1299 3792; x_wconf 75' lang='lat' dir='ltr'>ille,</span> <span class='ocrx_word' id='word_1_163' title='bbox 1328 3731 1414 3789; x_wconf 87' lang='lat' dir='ltr'>quum</span> 
     </span>
     <span class='ocr_line' id='line_1_26' title="bbox 292 3821 1415 3906; baseline 0.006 -25"><span class='ocrx_word' id='word_1_164' title='bbox 292 3821 421 3882; x_wconf 82' lang='lat' dir='ltr'>nauriunt</span> <span class='ocrx_word' id='word_1_165' title='bbox 443 3821 542 3883; x_wconf 83' lang='lat' dir='ltr'>Cicero</span> <span class='ocrx_word' id='word_1_166' title='bbox 563 3840 615 3901; x_wconf 91' lang='lat' dir='ltr'>pro</span> <span class='ocrx_word' id='word_1_167' title='bbox 637 3823 770 3884; x_wconf 87' lang='lat' dir='ltr'>Cluentio</span> <span class='ocrx_word' id='word_1_168' title='bbox 787 3828 845 3906; x_wconf 67' lang='lat' dir='ltr'>lli3</span> <span class='ocrx_word' id='word_1_169' title='bbox 867 3825 1198 3905; x_wconf 81' lang='lat' dir='ltr'>(Symlrolaelitemriee</span> <span class='ocrx_word' id='word_1_170' title='bbox 1211 3827 1245 3898; x_wconf 87' lang='lat' dir='ltr'>V,</span> <span class='ocrx_word' id='word_1_171' title='bbox 1258 3827 1415 3889; x_wconf 84' lang='lat' dir='ltr'>Arnslolod.</span> 
     </span>
     <span class='ocr_line' id='line_1_27' title="bbox 293 3937 462 4016; baseline 0 -21"><span class='ocrx_word' id='word_1_172' title='bbox 293 3937 462 4016; x_wconf 67' lang='lat' dir='ltr'>rumpo).</span> 
     </span>
    </p>

    <p class='ocr_par' dir='ltr' id='par_1_11' title="bbox 292 4051 1415 4247">
     <span class='ocr_line' id='line_1_28' title="bbox 331 4051 1415 4138; baseline 0.008 -27"><span class='ocrx_word' id='word_1_173' title='bbox 331 4052 361 4129; x_wconf 80' lang='lat' dir='ltr'>l)</span> <span class='ocrx_word' id='word_1_174' title='bbox 395 4053 434 4113; x_wconf 82' lang='lat' dir='ltr'>lle</span> <span class='ocrx_word' id='word_1_175' title='bbox 467 4051 502 4112; x_wconf 94' lang='lat' dir='ltr'>iis</span> <span class='ocrx_word' id='word_1_176' title='bbox 534 4071 608 4131; x_wconf 84' lang='lat' dir='ltr'>quae</span> <span class='ocrx_word' id='word_1_177' title='bbox 630 4062 793 4132; x_wconf 80' lang='lat' dir='ltr'>sequuntur</span> <span class='ocrx_word' id='word_1_178' title='bbox 814 4057 850 4118; x_wconf 87' lang='lat' dir='ltr'>cl.</span> <span class='ocrx_word' id='word_1_179' title='bbox 872 4057 1042 4119; x_wconf 85' lang='lat' dir='ltr'>Boissier</span> <span class='ocrx_word' id='word_1_180' title='bbox 1064 4058 1257 4138; x_wconf 86' lang='lat' dir='ltr'>L&#39;opposition</span> <span class='ocrx_word' id='word_1_181' title='bbox 1281 4077 1351 4121; x_wconf 89' lang='lat' dir='ltr'>sous</span> <span class='ocrx_word' id='word_1_182' title='bbox 1374 4061 1415 4120; x_wconf 84' lang='lat' dir='ltr'>les</span> 
     </span>
     <span class='ocr_line' id='line_1_29' title="bbox 292 4167 631 4247; baseline 0.003 -19"><span class='ocrx_word' id='word_1_183' title='bbox 292 4167 391 4228; x_wconf 76' lang='lat' dir='ltr'>Cesum</span> <span class='ocrx_word' id='word_1_184' title='bbox 414 4186 440 4247; x_wconf 94' lang='lat' dir='ltr'>p.</span> <span class='ocrx_word' id='word_1_185' title='bbox 463 4171 631 4230; x_wconf 73' lang='lat' dir='ltr'>loa-lan.</span> 
     </span>
    </p>

    <p class='ocr_par' dir='ltr' id='par_1_12' title="bbox 294 4283 1414 4488">
     <span class='ocr_line' id='line_1_30' title="bbox 333 4283 1414 4369; baseline 0.006 -25"><span class='ocrx_word' id='word_1_186' title='bbox 333 4286 362 4358; x_wconf 80' lang='grc'>5)</span> <span class='ocrx_word' id='word_1_187' title='bbox 393 4283 444 4345; x_wconf 87' lang='lat' dir='ltr'>Or.</span> <span class='ocrx_word' id='word_1_188' title='bbox 476 4284 522 4344; x_wconf 79' lang='lat' dir='ltr'>Tr.</span> <span class='ocrx_word' id='word_1_189' title='bbox 555 4285 593 4344; x_wconf 93' lang='lat' dir='ltr'>lV</span> <span class='ocrx_word' id='word_1_190' title='bbox 626 4288 724 4349; x_wconf 85' lang='lat' dir='ltr'>l0.7:</span> <span class='ocrx_word' id='word_1_191' title='bbox 758 4307 850 4367; x_wconf 89' lang='lat' dir='ltr'>usque</span> <span class='ocrx_word' id='word_1_192' title='bbox 882 4309 896 4350; x_wconf 88' lang='lat' dir='ltr'>a</span> <span class='ocrx_word' id='word_1_193' title='bbox 931 4289 1046 4369; x_wconf 77' lang='lat' dir='ltr'>proavis</span> <span class='ocrx_word' id='word_1_194' title='bbox 1080 4299 1160 4353; x_wconf 87' lang='lat' dir='ltr'>retus</span> <span class='ocrx_word' id='word_1_195' title='bbox 1189 4291 1299 4353; x_wconf 85' lang='lat' dir='ltr'>ordinis</span> <span class='ocrx_word' id='word_1_196' title='bbox 1322 4293 1414 4353; x_wconf 82' lang='lat' dir='ltr'>heres.</span> 
     </span>
     <span class='ocr_line' id='line_1_31' title="bbox 294 4399 1414 4488; baseline 0.009 -28"><span class='ocrx_word' id='word_1_197' title='bbox 294 4399 356 4460; x_wconf 90' lang='lat' dir='ltr'>Am.</span> <span class='ocrx_word' id='word_1_198' title='bbox 389 4400 401 4460; x_wconf 98' lang='lat' dir='ltr'>l</span> <span class='ocrx_word' id='word_1_199' title='bbox 423 4403 470 4462; x_wconf 91' lang='grc'>3.7</span> <span class='ocrx_word' id='word_1_200' title='bbox 492 4419 533 4480; x_wconf 87' lang='lat' dir='ltr'>sq.</span> <span class='ocrx_word' id='word_1_201' title='bbox 556 4403 659 4478; x_wconf 82' lang='lat' dir='ltr'>(nostri</span> <span class='ocrx_word' id='word_1_202' title='bbox 681 4404 829 4484; x_wconf 82' lang='lat' dir='ltr'>sanguinis</span> <span class='ocrx_word' id='word_1_203' title='bbox 850 4413 950 4466; x_wconf 84' lang='lat' dir='ltr'>auctor</span> <span class='ocrx_word' id='word_1_204' title='bbox 971 4415 1071 4484; x_wconf 80' lang='lat' dir='ltr'>eques)</span> <span class='ocrx_word' id='word_1_205' title='bbox 1092 4407 1130 4467; x_wconf 96' lang='lat' dir='ltr'>lll</span> <span class='ocrx_word' id='word_1_206' title='bbox 1152 4411 1200 4468; x_wconf 58' lang='lat'>85)</span> <span class='ocrx_word' id='word_1_207' title='bbox 1224 4427 1264 4487; x_wconf 88' lang='lat' dir='ltr'>sq.</span> <span class='ocrx_word' id='word_1_208' title='bbox 1296 4412 1332 4470; x_wconf 77' lang='lat' dir='ltr'>lu</span> <span class='ocrx_word' id='word_1_209' title='bbox 1351 4428 1414 4488; x_wconf 85' lang='lat' dir='ltr'>sqq.</span> 
     </span>
    </p>
   </div>
   <div class='ocr_carea' id='block_1_6' title="bbox 0 0 1872 5518">
    <p class='ocr_par' dir='ltr' id='par_1_13' title="bbox 0 0 1872 5518">
     <span class='ocr_line' id='line_1_32' title="bbox 0 0 1872 5518; baseline 0 4"><span class='ocrx_word' id='word_1_210' title='bbox 0 0 1872 5518; x_wconf 95' lang='lat' dir='ltr'> </span> 
     </span>
    </p>
   </div>
  </div>
 </body>
</html>
