3792 5486
961 687 1028 755 128

477 883 576 951 Alter
591 887 618 970 ¹)
642 890 760 952 autem
786 885 838 952 vir
860 884 929 952 fuit
951 884 1058 953 Fidus
1082 883 1264 953 Cornelius
1276 889 1427 962 senator,
1440 901 1546 972 quem

433 1007 566 1076 Seneca
600 1007 659 1096 (de
683 1017 792 1077 const.
817 1029 889 1097 sep.
918 1008 1022 1096 iii),
1048 1010 1104 1092 „iu
1129 1014 1252 1076 senatu
1281 1007 1422 1076 flentem
1454 1007 1548 1090 vidit,

433 1153 514 1201 cum
539 1133 637 1201 ilium
663 1133 814 1202 Corbulo
838 1133 1152 1203 struthocamelum
1167 1133 1358 1222 depilatum
1373 1132 1548 1200 dixisset.”

433 1257 646 1336 Cornelium,
680 1259 716 1326 in
754 1259 932 1348 provincie
967 1258 1097 1339 Africa,
1133 1279 1224 1348 quae
1255 1258 1430 1326 senatoria
1461 1262 1548 1338 erat,

432 1383 544 1452 officio
579 1383 707 1472 aliquo,
743 1384 889 1452 fortasse
927 1382 1187 1472 proconsulatu,
1219 1382 1436 1472 fungentem,
1461 1401 1550 1449 uxor

432 1507 599 1576 comitata
634 1527 709 1575 esse
746 1507 893 1582 videtur,
928 1529 1010 1577 nam
1047 1529 1117 1598 quo
1153 1516 1311 1597 tempore
1344 1507 1490 1576 Ovidius
1512 1508 1546 1575 in

432 1631 577 1700 exilium
601 1633 780 1722 profectus
803 1639 865 1710 est,

591 1802 670 1860 Note
690 1803 792 1879 procui
805 1803 932 1880 ¹Libycis
953 1804 1058 1861 eberat
1079 1803 1199 1862 diverse
1220 1803 1275 1863 rub
1296 1803 1365 1872 orie,

631 1915 692 1976 Neo
714 1923 829 1995 poteret
850 1917 904 1976 feti
925 1918 1033 1978 certior
1055 1936 1119 1977 esse
1142 1919 1208 1976 mei.

1243 2016 1304 2091 (Tr.
1327 2017 1343 2074 1
1365 2017 1432 2074 3.19
1454 2015 1509 2093 eq.)
1608 2085 1616 2106 ἱ

477 2148 578 2216 Eruli
605 2155 644 2216 ut
668 2148 820 2217 feminae
844 2156 879 2217 et
891 2150 1099 2228 amicorum,
1113 2150 1162 2219 sic
1175 2148 1267 2217 filiae
1280 2169 1420 2239 quoque
1433 2149 1549 2236 imago

433 2273 612 2341 interdum
637 2281 719 2340 ente
742 2273 862 2342 oculos
885 2279 973 2342 stat:

630 2416 717 2476 Nune
739 2417 811 2475 mihi
833 2436 900 2476 oum
920 2437 990 2478 cero
1010 2419 1136 2497 coniuge
1156 2424 1228 2479 netu
1250 2419 1339 2478 subit.

1263 2538 1313 2610 (ex
1334 2533 1368 2592 P.
1389 2534 1406 2591 Ι
1428 2535 1510 2610 832)

474 2663 539 2744 Qui
565 2670 682 2732 tamen
709 2665 792 2732 iocis
815 2685 921 2753 supra
940 2665 1090 2734 laudatis
1107 2688 1201 2736 unos
1212 2666 1440 2754 acceditque
1457 2665 1547 2733 filiae

435 2789 646 2856 mentionem
682 2787 727 2856 ab
760 2787 862 2856 exule
896 2789 1027 2859 factem
1066 2791 1255 2874 videamus,
1281 2811 1362 2858 nam
1387 2789 1478 2858 Fest.
1505 2787 1550 2857 Vl

432 2912 499 2980 219
522 2933 616 3000 sqq.:

593 3083 644 3141 rust
667 3083 737 3141 mihi
751 3083 906 3161 —eitque,
930 3103 1041 3162 precor.
1063 3085 1173 3144 nostrie
1194 3085 1363 3144 diuturnior
1383 3084 1486 3144 euniei
1512 3118 1550 3127 -

630 3199 716 3275 Filio,
738 3218 798 3276 que
818 3199 892 3259 felix
913 3201 1022 3278 sospite
1044 3218 1160 3279 semper
1181 3219 1232 3259 ero
1253 3207 1307 3260 etc.

355 3306 358 3314 ¹
431 3337 514 3400 ante
536 3332 710 3401 inflictum
736 3333 868 3400 malum
893 3334 1042 3423 scriptos
1066 3353 1141 3402 esse
1168 3340 1264 3424 puto.
1289 3373 1334 3384 -

477 3455 622 3523 Praeter
656 3455 763 3525 filium
799 3462 835 3524 et
867 3478 1011 3526 uxorem
1038 3456 1183 3525 Ovidius
1207 3458 1463 3546 privignam
1489 3456 1552 3523 ha-

434 3579 548 3662 hebet,
572 3601 678 3668 quam
705 3579 795 3649 filiae
820 3582 895 3650 ioco
921 3581 1252 3650 emebat-Suillio
1278 3581 1551 3670 Rufonuptum:

476 3789 505 3853 tt
547 3787 688 3856 Alterum,
710 3803 766 3846 uon
790 3785 924 3864 priorem,
947 3786 1038 3848 icisse
1059 3787 1271 3867 computatione
1292 3793 1455 3866 temporum
1477 3803 1553 3846 com·

434 3903 578 3981 probatur.
611 3900 760 3980 Siquidem
793 3901 889 3963 Ovidii
921 3903 976 3964 fitia
1011 3922 1035 3963 e.
1066 3907 1084 3964 8
1116 3903 1144 3964 in
1167 3902 1261 3963 Airiou
1283 3921 1349 3964 cum
1372 3902 1504 3964 Cornelio
1525 3911 1553 3962 et

432 4037 455 4078 a.
480 4020 513 4077 tt
534 4035 640 4095 —quo
660 4035 736 4078 anno
761 4035 878 4080 carmen
900 4019 946 4079 Tr.
970 4019 1006 4080 IV
1031 4018 1274 4098 tOconscriptum
1286 4025 1328 4080 est
1342 4053 1375 4062 -
1391 4037 1425 4078 ex
1437 4018 1553 4078 duobus

433 4130 605 4209 coniugibus
636 4131 756 4193 secunda
789 4133 853 4204 suit,
885 4151 941 4194 nou
964 4133 1118 4196 verisimile
1139 4142 1191 4206 est,
1214 4143 1271 4196 tum
1292 4135 1397 4214 exiguo
1417 4133 1553 4214 temporis

434 4246 585 4307 intervallo
607 4256 646 4309 tot
668 4248 841 4319 mutationes
866 4248 939 4310 vitoe
961 4249 1023 4312 eius
1045 4251 1133 4312 iactas
1153 4270 1225 4328 esse,
1246 4259 1317 4329 quot
1340 4250 1552 4312 faciasnecesse

434 4371 518 4432 esset,
541 4363 566 4423 si
589 4382 655 4424 cum
679 4363 772 4443 priore
795 4365 897 4427 merito
918 4365 947 4426 in
969 4366 1064 4428 Africa
1087 4365 1196 4428 fuisset.
