3778 5488
960 680 1028 749 200

589 884 651 942 Aut
673 882 736 952 hoe,
758 887 811 942 aut
831 881 907 942 nihil
929 886 984 956 eut,
1009 899 1062 959 pro
1084 898 1131 939 me
1152 883 1298 956 temptare
1320 875 1451 934 modeste

629 997 735 1057 Gratia
756 997 835 1075 qnod
857 998 941 1057 suive
961 1001 1061 1056 reuma
1082 995 1194 1074 pudure
1214 998 1313 1073 queat.

938 1117 989 1188 (ex
1011 1112 1045 1172 P.
1066 1111 1082 1170 I
1104 1112 1192 1171 2129
1213 1129 1267 1189 aq.‚
1291 1111 1357 1178 136,
1378 1107 1511 1182 63-66)

591 1229 671 1307 lingo
691 1229 743 1288 alii
766 1234 891 1289 noceant
912 1228 1028 1288 mireris
1048 1232 1212 1306 optentque
1233 1225 1341 1300 timeri,

628 1344 794 1423 Tinctaque
815 1343 944 1404 mordaci
966 1342 1082 1421 spicula
1102 1341 1172 1401 lelle
1193 1344 1315 1420 gerant:

587 1459 626 1519 At
648 1465 700 1520 tua
720 1458 904 1538 suppliuibur
926 1458 1031 1518 domus
1051 1462 1097 1518 est
1117 1457 1241 1518 adsueta
1258 1454 1406 1520 iuvandis.

627 1576 664 1634 In
684 1591 811 1654 quornm
834 1593 959 1635 numeru
980 1593 1037 1652 me,
1059 1591 1257 1653 prasonem
1278 1570 1361 1632 velis.

1110 1695 1161 1765 (ex
1181 1691 1215 1749 P.
1238 1689 1287 1748 111
1309 1683 1511 1762 aros-ros)

472 1815 523 1882 Ex
549 1813 584 1882 Ρ.
608 1814 656 1882 lll
681 1812 995 1905 arumnensis
1019 1816 1052 1883 ei
1075 1815 1178 1896 dona,
1202 1833 1294 1902 quae
1316 1811 1387 1881 sola
1404 1809 1547 1887 Pontus,

427 1959 523 2009 nunc
578 1938 678 2023 „lora
711 1939 797 2009 sua'’
834 1939 900 2026 (vs.
934 1939 1004 2025 22),
1038 1939 1124 2007 dare
1158 1943 1307 2027 poterat,
1343 1935 1545 2024 pharetram

427 2063 627 2152 Scythicam
653 2084 733 2133 cum
758 2065 894 2152 sagittis
920 2065 1099 2132 venenatis
1123 2063 1240 2132 mittit.
1260 2062 1349 2131 Cum
1370 2067 1489 2128 autem
1503 2097 1547 2108 —

427 2187 533 2276 paulo
565 2194 647 2257 ante
670 2188 871 2279 Augustum
898 2195 1078 2258 mortuum
1102 2227 1147 2237 —
1171 2187 1346 2255 Maximus
1370 2186 1545 2253 incertum

423 2332 469 2380 an
496 2312 729 2380 voluntariam
755 2320 904 2381 mortem
930 2312 1060 2382 obisset
1083 2311 1180 2401 (Tae.
1206 2307 1543 2397 Ann.I5),0vidius

423 2436 466 2505 de
500 2456 542 2505 eo
574 2437 641 2504 nisi
664 2436 854 2506 laudabilia
877 2458 946 2505 non
971 2439 1143 2506 enuntiat.
1169 2437 1218 2505 Eo
1242 2443 1361 2504 tamen
1387 2436 1458 2503 iam
1483 2433 1545 2500 de·

429 2561 640 2649 sperationis
674 2573 861 2650 provectus
895 2569 981 2646 erat,
1018 2568 1059 2630 ut
1080 2567 1221 2652 putaret
1246 2577 1547 2648 unumquemque,

423 2686 485 2774 qui
519 2685 758 2754 constituisset
792 2706 856 2775 pro
890 2686 1002 2756 salute
1038 2707 1103 2756 sua
1137 2687 1244 2776 loqui,
1279 2706 1320 2753 eo
1352 2686 1427 2773 ipso
1452 2683 1545 2752 iacto

428 2814 575 2878 mortem
618 2808 684 2878 sibi
720 2817 986 2880 contracturum
1022 2831 1109 2894 esse,
1145 2812 1229 2902 quia
1263 2811 1375 2879 fatum
1401 2806 1543 2878 crudele

425 2938 561 3001 vetaret
584 2953 706 3022 preces
729 2935 923 3026 principem
942 2936 986 3006 ad
1001 2936 1275 3006 misericordiam
1289 2937 1358 3004 iam
1373 2933 1544 3004 inclinan-

426 3066 497 3127 tem
522 3059 588 3146 (νε.
612 3056 672 3148 15)
694 3061 851 3149 assequi:
1422 3053 1424 3058 ¹

580 3191 688 3254 Certus
709 3211 776 3254 erar
798 3212 850 3272 pro
872 3213 928 3271 me,
949 3194 1061 3255 Fabiae
1082 3194 1158 3272 laus,
1179 3195 1320 3271 Maxime,
1341 3194 1450 3272 gunfis,

617 3309 736 3368 Numen
758 3309 796 3368 ad
818 3309 989 3387 Augustum
1009 3310 1143 3389 supplies
1164 3329 1236 3371 roee
1256 3311 1353 3390 loqui:

576 3424 694 3484 Ouuidia
715 3429 785 3484 ante
807 3443 917 3503 preses,
938 3445 1119 3505 uanumque
1139 3445 1205 3505 ego,
1226 3427 1368 3504 Maxime,
1391 3426 1494 3486 mortis

619 3573 655 3582 -
678 3540 740 3600 Neu
761 3540 875 3601 ineram
898 3543 1035 3601 tanti-
1056 3561 1104 3602 me
1126 3561 1192 3603 reor
1212 3561 1276 3603 esre
1297 3547 1375 3603 tuae.

576 3655 640 3713 Iam
662 3655 753 3715 timeo
773 3661 905 3716 austrum
926 3657 1065 3736 cuiqnam
1088 3658 1230 3718 mandare
1250 3657 1394 3720 ulntem:

619 3770 721 3848 Ipsum
744 3775 839 3831 morte
859 3776 912 3832 tua
932 3773 1061 3833 eonoidit
1081 3772 1238 3833 auxilium.

1169 3894 1219 3965 (ex
1240 3889 1274 3950 P.
1295 3889 1340 3948 1v
1361 3890 1501 3967 us—14)

461 4007 1541 4102 L.PomponiusFlaccus,quitantummodoexP.llO

415 4133 632 4218 nominatur,
657 4141 781 4222 poetae
804 4154 944 4224 semper
968 4137 1158 4206 auxiliatus
1180 4157 1257 4206 esse
1282 4138 1410 4206 dieitur
1433 4145 1539 4228 atque

415 4255 526 4325 multu
563 4258 680 4325 minus
714 4257 888 4326 serviliter
922 4279 1005 4327 eum
1041 4259 1187 4329 Ovidius
1218 4261 1407 4350 compellat
1431 4281 1538 4352 quam

415 4379 609 4449 Maximum
635 4381 687 4451 vel
711 4382 868 4452 Cottam:
