3792 5486
967 716 1033 785 125

530 915 676 993 Quodque
698 915 764 994 polo
785 915 865 975 fixae
886 921 1038 993 nequeunt
1061 915 1114 974 tibi
1136 914 1233 974 dicere
1255 914 1401 991 flammae,

570 1032 637 1091 Nou
660 1033 821 1091 mentitura
842 1037 876 1090 tu
897 1031 951 1090 tibi
975 1049 1045 1090 voce
1066 1029 1163 1090 refer:

533 1147 604 1206 Eece
624 1149 669 1206 tui
692 1165 861 1222 memorem,
883 1146 920 1205 de
941 1166 1001 1223 qna
1019 1146 1073 1205 tibi
1097 1146 1228 1205 maxima
1248 1165 1320 1204 cura
1342 1151 1395 1222 eet,

573 1262 718 1341 Quodque
738 1269 844 1340 potest,
868 1282 967 1322 seeum
989 1280 1096 1321 nomeu
1120 1263 1229 1321 habere
1250 1272 1344 1321 tunm.

1335 1379 1492 1458 [ΙΙ-18])

415 1511 541 1579 melius
563 1511 639 1579 fore
664 1511 748 1581 dicit
771 1513 799 1580 si
825 1520 986 1580 mortuus
1008 1512 1079 1580 iam
1103 1517 1211 1579 esset:

573 1682 673 1759 Atque
695 1683 809 1741 utinam
832 1681 961 1760 lugenda
982 1682 1036 1741 tibi
1058 1701 1117 1742 nou
1140 1684 1210 1753 rita,
1231 1681 1282 1742 ued
1304 1689 1381 1742 eueet

611 1799 691 1858 More
713 1817 787 1874 meu,
809 1803 904 1858 morte
925 1797 1004 1857 iores
1024 1798 1088 1857 uela
1108 1798 1212 1857 relicte
1234 1805 1313 1857 mea!

1364 1918 1414 1991 (39
1436 1918 1492 1994 ee)

414 2085 482 2132 uon
508 2064 602 2132 enim
627 2084 768 2134 necesse
792 2071 884 2133 esset
907 2085 1053 2134 uxorem
1078 2066 1133 2134 sui
1155 2065 1304 2154 pudere:

534 2234 679 2311 Denique,
700 2240 783 2294 utet
806 2235 877 2306 rixi,
898 2235 962 2295 uiue
982 2236 1106 2295 crimine
1128 2241 1261 2295 mortuus
1282 2254 1385 2295 eueem.

576 2351 664 2410 Nunc
685 2369 751 2410 mea
771 2351 915 2429 supplicio
937 2353 999 2410 rita
1020 2350 1157 2429 pudenda
1178 2369 1231 2410 uuo
1251 2358 1304 2412 eei.

1364 2465 1415 2545 (4⁷
1436 2470 1493 2544 aa)

415 2598 508 2687 qnod
533 2620 628 2668 nunc
652 2599 784 2668 factum
810 2605 880 2667 est:

455 2769 503 2828 Me
525 2770 674 2844 miserum,
696 2769 721 2828 ei
743 2775 785 2838 tn,
806 2789 873 2828 cum
895 2768 1001 2828 diceris
1021 2769 1120 2828 exnlie
1141 2788 1226 2845 uxor,

495 2885 616 2944 Areriie
637 2885 738 2944 vultus
758 2890 788 2944 ei
808 2885 889 2944 nubit
908 2903 962 2944 oru
983 2885 1087 2944 rubori

456 3000 504 3059 Me
525 3001 676 3078 miserum,
698 3003 723 3060 ei
745 3007 831 3079 turpe
852 3007 939 3078 patae
961 3001 1033 3059 mihi
1055 3005 1148 3078 nupta
1170 2999 1278 3059 rideri!

495 3116 544 3175 Me
565 3117 716 3192 miserum,
737 3117 762 3175 si
784 3122 813 3176 te
834 3118 892 3175 ium
915 3117 1006 3194 pudet
1026 3135 1090 3175 esse
1113 3117 1223 3174 meum!
1237 3162 1243 3176 .
1258 3159 1285 3174 ..

456 3232 585 3310 Tempus
606 3233 657 3291 ubi
678 3238 732 3308 eet,
753 3252 812 3310 quo
833 3237 862 3291 te
886 3265 922 3275 -
943 3233 1000 3290 uiui
1021 3251 1087 3317 uon·
1104 3232 1147 3290 riu
1168 3231 1221 3290 illa
1241 3230 1346 3289 referri
1370 3265 1406 3274 -

496 3348 534 3406 nt
554 3348 621 3424 dici,
644 3349 774 3420 memini,
795 3349 873 3407 iuvit
893 3353 923 3408 et
942 3366 1007 3407 esee
1029 3349 1146 3406 meum?
1351 3428 1401 3500 (49
1444 3427 1493 3504 56)

462 3615 508 3683 At
538 3621 577 3683 ut
609 3613 738 3682 multos
760 3613 877 3701 ipsum
901 3611 1134 3680 infortunium
1160 3612 1273 3680 claros
1297 3611 1459 3698 reddidit,
1484 3615 1533 3682 sic

419 3740 582 3808 miseram
629 3745 759 3806 sortem
795 3759 895 3806 suam
932 3737 1073 3824 coniugi
1109 3737 1326 3806 occasionem
1365 3738 1532 3825 praebere

417 3864 502 3932 dicit
530 3863 662 3952 gloriae
689 3868 853 3930 aeternae
884 3861 1119 3950 acquirendae
1146 3881 1187 3928 eo
1218 3861 1310 3949 quod
1345 3883 1366 3930 a
1394 3863 1533 3931 Nasone

419 3989 597 4058 celebrata
620 3989 664 4056 sit
688 3988 763 4056 eius
790 3988 918 4075 pietas:

597 4185 655 4245 Sed
677 4186 772 4264 megia
792 4187 823 4244 in
844 4204 946 4245 curum
969 4186 1062 4246 uoetri
1083 4204 1229 4260 consurge
1249 4184 1364 4260 tuendi,

637 4301 877 4380 Exemplumque
898 4303 971 4360 mihi
991 4302 1127 4380 coniugio
1148 4307 1211 4361 esto
1233 4301 1337 4371 bonae,

598 4418 815 4496 Materiemque
836 4419 896 4478 tuin
918 4419 1032 4478 tristem
1056 4418 1217 4478 virtutibus
1237 4418 1342 4496 imple:
