3778 5488
868 747 936 816 239

339 947 487 1025 servavi,
499 943 606 1014 semei
620 944 741 1033 gloria,
754 945 883 1013 iterum
895 963 1068 1013 aerumna
1082 963 1160 1011 mea
1172 945 1252 1032 (pro
1264 942 1352 1013 Sest.
1365 941 1460 1032 49)”;

338 1071 449 1156 „Gom
474 1090 538 1159 ego
553 1090 607 1138 me
620 1091 640 1139 e
652 1069 837 1159 complexu
853 1069 1057 1158 patriaeque
1069 1073 1331 1158 conspectuque
1344 1073 1459 1137 vestro

337 1197 544 1286 eripuissem
568 1202 605 1264 et
628 1202 724 1263 metu
749 1194 854 1263 vestri
879 1192 1037 1283 periculi,
1057 1213 1126 1262 uon
1143 1193 1263 1262 mei...
1277 1193 1457 1261 cessissem

339 1322 573 1411 patriamque,
607 1339 698 1410 quae
736 1319 820 1387 mihi
857 1322 934 1387 erat
967 1318 1159 1400 carissima,
1183 1324 1327 1406 propter
1350 1318 1460 1405 ipsius

339 1447 474 1536 patriae
498 1445 681 1514 caritatem
706 1443 925 1532 reliquissem
951 1442 1013 1531 (ib.
1037 1441 1129 1530 53).”
1153 1481 1196 1492 -

382 1570 494 1638 Homo
519 1588 641 1652 novus,
665 1569 732 1649 cui,
759 1573 798 1636 ut
818 1567 950 1636 nemini
975 1567 1049 1636 fere
1074 1567 1128 1636 bis
1151 1565 1302 1636 turbidis
1322 1572 1457 1656 tempo-

335 1696 443 1778 ribus,
478 1695 622 1763 fortuna
644 1693 823 1772 arriserat,
847 1692 978 1781 etqui,
1002 1690 1198 1760 secundum
1222 1691 1332 1781 ipsius
1355 1692 1455 1761 testi-

337 1821 506 1898 monium,
529 1819 559 1888 si
582 1817 649 1886 sibi
672 1827 755 1886 ante
779 1816 923 1885 exilium
952 1836 1046 1886 mors
1069 1815 1261 1905 obtigisset,
1285 1817 1373 1885 nibil
1396 1825 1459 1886 aut

335 1963 406 2012 non
432 1943 582 2010 multum
607 1942 643 2009 in
670 1942 740 2009 vita
765 1939 846 2009 mali
873 1940 1013 2008 vidisset
1036 1941 1095 2027 (ud
1117 1940 1235 2009 iXIV
1248 1939 1328 2027 dd),
1341 1942 1458 2011 subita

335 2067 434 2137 clade
458 2088 479 2135 a
505 2067 619 2156 priore
645 2067 715 2135 vita
740 2085 851 2154 usqne
874 2085 916 2134 eo
936 2065 1456 2142 abalienatusest,utanimum

335 2193 494 2283 quietum
520 2191 585 2260 sibi
609 2211 735 2280 parare
757 2192 852 2258 intra
878 2189 982 2259 breve
1007 2197 1149 2280 tempus
1174 2191 1318 2258 minime
1331 2200 1457 2282 posset.

335 2316 435 2398 Quod
462 2322 500 2384 ut
522 2323 732 2399 statuamus,
756 2315 874 2384 subtili
899 2321 935 2383 et
962 2314 1107 2383 molesta
1129 2315 1355 2405 inquisitione
1368 2336 1457 2405 opus

335 2460 405 2508 non
429 2447 500 2524 est3
525 2439 634 2530 ipsius
659 2438 765 2507 verba
789 2439 1002 2528 loquuntur:
1030 2439 1105 2522 „Ad
1131 2446 1166 2507 te
1190 2438 1283 2528 quod
1304 2441 1455 2509 scribam

334 2564 453 2634 nescio
476 2563 537 2651 (ad
562 2566 636 2632 Att.
660 2561 708 2630 111
731 2562 779 2651 5).
806 2562 862 2632 Mc
885 2564 941 2632 vix
956 2563 1152 2652 misereque
1165 2569 1323 2632 sustento
1335 2562 1396 2647 (ib.
1408 2562 1456 2652 6).

336 2688 447 2777 Atqui
489 2707 565 2776 ego,
607 2687 669 2775 qui
710 2692 745 2755 te
789 2686 971 2773 confirmo,
1006 2688 1080 2776 ipse
1115 2707 1171 2756 me
1207 2707 1276 2757 non
1312 2707 1455 2777 possum

334 2813 394 2898 (ad
427 2812 450 2880 1.
482 2811 562 2880 XIV
585 2809 666 2897 15).
690 2812 744 2880 lta
767 2811 973 2900 perturbato
999 2831 1077 2880 sum
1102 2813 1220 2882 animo
1248 2813 1291 2880 de
1314 2811 1455 2898 Quinto,

335 2946 374 3004 ut
398 2936 484 3005 nihil
508 2956 637 3026 queam
661 2941 816 3004 statuere
839 2935 898 3020 (ad
920 2935 992 3003 Att.
1007 2933 1055 3003 111
1067 2933 1147 3021 113).
1161 2935 1211 3004 Ex
1223 2935 1453 3024 epistularum

336 3081 495 3129 mearum
518 3061 754 3129 inconstantia
778 3073 863 3150 puto
884 3067 918 3127 te
934 3060 1061 3128 mentis
1074 3079 1172 3127 meae
1187 3066 1322 3129 motum
1338 3061 1454 3129 videre

334 3187 396 3274 (ib.
430 3184 449 3275 ἓ
479 3184 528 3266 4).
561 3183 619 3253 Me
643 3189 679 3252 et
703 3204 862 3253 meorum
889 3184 1061 3252 maiorum
1088 3184 1257 3252 memoria
1279 3188 1315 3252 et
1340 3192 1454 3253 metus

334 3311 376 3378 de
400 3310 510 3378 fratre
534 3311 569 3378 in
594 3308 778 3378 scribendo
802 3307 949 3398 impedit
968 3306 1058 3396 (ib).
1072 3307 1246 3377 Vidisses.
1260 3360 1267 3376 .
1282 3310 1453 3397 effigiem

334 3435 500 3525 spirantis
537 3433 756 3503 mortui....
791 3433 932 3523 pigritia
964 3433 1031 3501 suit
1060 3439 1096 3501 et
1119 3432 1292 3521 quaedam
1316 3433 1454 3503 infinita
1494 3481 1498 3488 »

336 3562 386 3628 vis
416 3559 641 3628 lacrimarum
667 3557 727 3644 (ad
752 3556 791 3638 Q.
816 3557 860 3625 ir.
888 3555 977 3626 131
1004 3559 1082 3646 sq).
1107 3557 1210 3627 Nunc
1232 3558 1262 3627 si
1286 3566 1395 3649 potes,
1418 3558 1452 3626 id

333 3683 428 3773 quod
462 3703 537 3771 ego,
561 3683 623 3772 qui
647 3682 712 3751 tibi
738 3701 878 3771 semper
901 3681 1002 3750 sortis
1026 3680 1180 3767 videbar,
1204 3702 1273 3751 non
1299 3702 1454 3772 possum,

333 3807 428 3896 erige
462 3813 497 3875 te
531 3812 567 3875 et
601 3805 773 3876 confirma
808 3807 867 3892 (ib.
902 3805 991 3896 §5).
1017 3804 1177 3875 Maerore
1199 3807 1372 3898 impedior
1394 3807 1452 3892 (ad

334 3932 406 3998 Att.
438 3929 485 3998 111
521 3927 621 4019 1113).
648 3929 812 4000 Desidero
838 3932 1032 4020 meipsum
1058 3930 1178 4020 (15.2).
1203 3930 1325 4022 Neque
1350 3933 1452 4000 istam

334 4055 420 4121 mihi
443 4055 575 4124 ascisco
599 4055 819 4144 sapientiam,
843 4075 949 4146 quam
975 4057 1135 4126 nonnulii
1159 4058 1195 4124 in
1222 4075 1276 4123 me
1294 4055 1453 4144 require·

334 4176 428 4260 bant,
465 4178 526 4266 qui
563 4198 618 4245 me
652 4179 771 4248 animo
805 4179 911 4246 nimis
944 4179 1057 4248 fracto
1094 4200 1169 4248 esse
1192 4185 1300 4268 atque
1323 4177 1453 4247 afflicto

333 4300 570 4391 loquebantur
602 4322 696 4392 e.q.s.
732 4303 791 4388 (de
821 4303 925 4372 domo
947 4302 1042 4386 117).”
1066 4303 1133 4372 Sed
1158 4324 1249 4393 quae
1272 4304 1346 4394 ipse
1370 4323 1453 4372 con·

335 4424 512 4506 iitebatur,
535 4425 580 4494 ab
604 4426 681 4494 aliis
705 4427 773 4495 dici
797 4447 867 4496 non
892 4427 984 4496 vult:
1010 4425 1133 4512 „Quod
1146 4427 1451 4498 scribisteaudire
