3792 5486
853 779 920 849 163

322 998 344 1046 a
367 998 428 1067 spe
453 977 627 1046 malorum
652 978 695 1046 ad
716 998 874 1047 mearum
888 998 1008 1047 rerum
1024 978 1166 1048 laudem
1179 981 1441 1049 convertissem.

322 1102 423 1183 Quod
458 1104 487 1171 si
521 1123 604 1172 cum
639 1103 757 1193 aliqua
791 1102 932 1173 levitate
969 1103 1056 1173 milri
1080 1104 1281 1173 laciendum
1305 1105 1440 1189 fuisset,

322 1227 456 1295 nullam
481 1247 556 1296 rem
580 1228 670 1296 tanti
694 1229 953 1313 aestimassem;
977 1229 1038 1297 sed
1062 1236 1180 1297 tamen
1194 1250 1214 1298 a
1228 1230 1441 1298 meitasunt

321 1359 401 1422 acta
424 1353 553 1435 onmia,
576 1373 646 1422 non
672 1359 711 1421 ut
734 1373 797 1442 ego
821 1353 871 1422 illi
894 1354 1095 1423 adsentiens
1119 1354 1237 1440 levior,
1258 1353 1318 1422 sed
1333 1360 1372 1422 ut
1383 1354 1440 1423 ille

324 1496 379 1544 me
403 1476 556 1570 probans
578 1479 719 1567 gravior
743 1478 921 1547 videretur
944 1477 1085 1567 (20.2).’‘

367 1601 506 1670 Atticus
540 1608 659 1684 autem
695 1603 786 1672 hanc
822 1604 993 1671 rationem
1018 1623 1088 1671 non
1113 1601 1292 1693 probavit:
1317 1601 1440 1688 „Quod

325 1747 380 1794 me
415 1727 568 1817 quodam
605 1727 709 1796 modo
735 1726 832 1797 molli
855 1726 999 1796 brachio
1023 1727 1066 1795 de
1090 1726 1235 1817 Pompei
1258 1727 1442 1795 familiari-

322 1858 394 1919 tate
418 1850 627 1941 obiurgas..
641 1902 671 1920 ..
696 1852 747 1920 rei
772 1851 932 1942 publicae
956 1857 1050 1921 certe
1064 1852 1207 1941 prodest
1219 1852 1279 1938 (ib.
1293 1851 1323 1919 ll
1336 1851 1440 1940 l.6).''

324 1974 440 2066 Atque
465 1996 525 2046 sex
550 1975 731 2045 mensibus
754 1981 833 2065 post
852 1976 973 2045 Cicero
994 1995 1135 2064 quoque
1154 1975 1198 2045 de
1216 1975 1284 2044 lide
1297 1975 1440 2065 Pompei

322 2099 439 2169 denuo
463 2100 618 2170 dubitat:
643 2101 864 2191 „Epicratem
889 2100 1114 2190 (Iphicratem
1139 2100 1318 2188 ingeniose
1338 2100 1441 2189 Tyr·

323 2220 425 2313 rell)
449 2227 608 2315 suspicor
631 2225 800 2296 lascivum
825 2226 950 2295 fuisse:
971 2226 1101 2294 etenim
1124 2225 1206 2293 mihi
1221 2225 1353 2314 caligae
1364 2225 1441 2294 eius

323 2354 358 2417 et
381 2350 511 2422 fasciae
532 2357 686 2420 cretatae
711 2372 781 2420 non
806 2349 992 2441 placebant
1005 2348 1066 2437 (ib.
1078 2347 1183 2437 3.l)'’,
1196 2368 1309 2437 neque
1322 2349 1440 2435 igitur,

325 2475 486 2561 quamvis
520 2475 699 2556 invitatus,
732 2477 842 2556 Balbi,
874 2476 1033 2547 Caesaris
1056 2473 1249 2556 familiaris,
1273 2473 1440 2542 adhorta·

322 2596 478 2668 tionibus
501 2598 774 2691 obtemperavit3
799 2603 870 2686 „is”
894 2603 987 2671 enim
1013 2596 1348 2685 „affirmabatillum
1365 2617 1441 2667 om·

324 2720 428 2791 nibus
462 2724 497 2792 in
530 2723 636 2794 rebus
668 2746 746 2794 meo
769 2731 804 2794 et
827 2725 970 2815 Pompei
995 2724 1138 2793 consilio
1163 2742 1313 2791 usurum
1336 2721 1441 2790 datu-

323 2867 474 2937 rumque
498 2869 642 2937 operam
666 2855 707 2918 ut
725 2871 806 2919 cum
820 2849 986 2938 Pompeio
999 2848 1164 2918 Crassum
1177 2846 1439 2935 coniungeret.”

323 2970 361 3039 ln
404 2971 534 3062 quibus
578 2973 663 3043 haec
705 2975 889 3043 commoda
922 2980 1058 3042 essent:
1095 2973 1317 3058 „coniunctio
1353 2971 1439 3040 milri

323 3114 463 3165 summa
497 3118 578 3166 oum
617 3097 799 3189 Pompei03
835 3100 865 3167 si
900 3100 1014 3188 placet
1032 3099 1154 3166 etiam
1186 3117 1266 3166 cum
1291 3095 1441 3164 Caesare

323 3219 385 3307 ob·
408 3221 426 3311 s
449 3220 519 3312 ‘co-’¹
546 3263 584 3271 -

367 3343 422 3414 Ab
447 3345 512 3416 hoc
530 3355 690 3436 tompore
713 3369 826 3437 usque
849 3348 894 3417 ad
918 3347 1060 3416 exilium
1079 3345 1200 3416 Cicero
1224 3345 1312 3413 nihil
1336 3364 1439 3434 prae·

322 3471 481 3556 termisit‚
507 3477 546 3539 ut
569 3472 774 3561 Pompeium
796 3472 988 3542 aGaesaris
1000 3472 1245 3542 coniunctione
1258 3475 1439 3539 avocaret:

321 3595 358 3662 in
383 3616 453 3684 quo
477 3595 606 3665 Caesar
629 3596 763 3667 felicior
786 3599 853 3667 fuit
876 3598 938 3686 qui
961 3598 1034 3686 ipse
1058 3596 1266 3686 Pompeium
1290 3618 1310 3664 a
1342 3595 1440 3665 Cice·

323 3721 418 3788 ronis
448 3721 685 3790 familiaritate
709 3722 860 3790 diiunxit
884 3721 951 3810 (cf.
976 3721 1125 3810 Philipp.
1150 3720 1182 3788 ll
1203 3719 1281 3808 a3);
1304 3720 1341 3788 in
1366 3720 1440 3809 epi·

322 3843 424 3913 stulis
448 3865 589 3934 quoque
613 3848 729 3915 virum
753 3867 814 3937 spe
837 3847 1014 3915 deiectum
1036 3844 1167 3935 ubique
1181 3843 1438 3932 cognoscimus,

321 3970 371 4037 ita
405 3976 524 4039 tamen
550 3978 589 4040 ut
612 3976 781 4061 appareat
804 3971 1008 4041 Ciceronem
1033 3990 1102 4039 non
1127 3989 1191 4037 sua
1214 3966 1274 4036 sed
1299 3968 1349 4035 rei
1373 3987 1440 4056 pu·

324 4092 434 4164 blicae
447 4116 554 4165 causa
566 4116 648 4165 eum
662 4095 727 4164 sibi
740 4095 927 4165 conciliare
941 4095 1108 4163 voluisse:
1124 4091 1329 4180 ‚‚Oratione(
1370 4092 1439 4179 )...

323 4239 394 4287 nou
406 4219 537 4289 libebat
551 4222 636 4289 mihi
648 4220 813 4304 scribere,
824 4271 832 4289 .
843 4273 868 4289 ..
890 4240 934 4287 ne
947 4218 1127 4287 laudarem
1142 4237 1235 4300 eum,
1249 4235 1354 4305 quem
1369 4236 1438 4284 non

321 4344 485 4413 amabam
510 4346 568 4430 (ad
594 4344 665 4413 Att.
691 4345 721 4413 ll
746 4343 826 4430 tl).
850 4344 887 4413 Si
909 4363 999 4428 vern,
1013 4361 1104 4431 quae
1116 4341 1159 4408 de
1173 4361 1228 4408 me
1242 4346 1344 4429 pacta
1356 4345 1441 4408 sunt

321 4466 526 4556 (Pompeius
549 4468 681 4538 scilicet
704 4488 847 4558 operam
871 4468 1020 4537 daturus
1042 4471 1130 4550 erat,
1155 4470 1195 4533 ut
1218 4463 1379 4532 Clodium
1394 4461 1439 4531 ab
