3778 5488
879 722 945 790 257

347 921 544 990 Stoicorum
568 959 613 970 —
637 926 822 1009 questam
847 939 952 1010 saepe
977 920 1098 988 laudat
1124 960 1162 968 -
1190 925 1377 1008 praecepta
1397 939 1466 987 uon

346 1045 383 1113 in
407 1065 467 1113 ore
492 1051 631 1113 tantum
649 1043 828 1112 sedetiam
846 1045 880 1112 in
896 1050 1036 1132 pectore
1049 1045 1225 1132 gessisset,
1238 1049 1301 1111 aut
1312 1043 1468 1122 exilium,

346 1168 438 1258 quod
483 1169 592 1238 otium
631 1168 747 1252 dabat,
779 1167 924 1236 fortuna
947 1169 1014 1236 sibi
1050 1174 1213 1257 paratum
1246 1173 1404 1256 putasset
1428 1172 1469 1233 ut

348 1302 501 1364 mentem
533 1293 665 1362 coleret
701 1293 824 1377 (talem
862 1313 943 1361 eum
981 1293 1082 1360 linxit
1117 1297 1241 1360 auctor
1264 1290 1465 1378 tragoediae

347 1416 513 1487 Octaviae
538 1415 604 1507 [vs.
629 1416 690 1485 381
718 1415 830 1508 sqq.]:

546 1614 653 1674 Melius
672 1613 802 1673 latebam
828 1613 930 1692 procul
952 1613 991 1672 ab
1012 1613 1144 1672 invidiae
1166 1613 1253 1672 malis
1385 1657 1387 1662 -

546 1729 689 1790 Remotus
710 1729 790 1788 inter
811 1728 921 1789 Corsici
943 1747 1032 1806 rupes
1054 1728 1154 1804 maris,

546 1845 606 1905 Ubi
630 1846 707 1904 liber
726 1845 845 1905 animus
865 1851 895 1904 et
918 1844 963 1904 sui
984 1844 1059 1903 iuris
1081 1842 1154 1902 mibi

550 1961 674 2039 Semper
696 1961 820 2020 vacabat
840 1961 940 2020 studio
959 1960 1101 2020 recolenti
1124 1963 1210 2034 mea.)

348 2148 411 2209 aot
454 2147 602 2208 mortem
645 2178 690 2189 —
724 2137 908 2222 „dolorum
944 2138 1101 2205 omnium
1138 2125 1393 2206 exsolutionem
1429 2143 1465 2205 et

347 2263 452 2332 linem
468 2315 476 2333 .
490 2313 520 2332 ..
545 2283 709 2352 magnam
734 2271 770 2330 et
792 2269 974 2330 aeternam
1000 2281 1122 2349 pacem
1136 2311 1143 2326 .
1158 2311 1188 2329 ..
1212 2261 1388 2349 optimum
1412 2263 1466 2329 in·

349 2394 493 2456 ventum
517 2394 666 2456 naturae
691 2385 749 2475 (ad
777 2385 884 2454 Marc.
909 2383 998 2464 195,
1021 2385 1058 2468 6;
1081 2383 1195 2470 20.1)”
1219 2385 1367 2452 -vitae
1390 2394 1463 2454 tam

347 2513 494 2580 miserae
528 2511 795 2600 anteposuisset.
832 2508 875 2577 Et
904 2515 986 2577 ante
1021 2515 1056 2576 et
1091 2517 1169 2597 post
1191 2508 1335 2577 exilium
1354 2511 1383 2597 ¹)
1406 2528 1466 2577 eos

345 2635 490 2705 laudare
525 2634 670 2717 solebat,
705 2635 767 2723 qui
801 2633 968 2717 remedio,
1004 2633 1097 2722 quod
1132 2633 1168 2701 in
1205 2653 1269 2701 sua
1294 2640 1465 2722 potestate

344 2766 432 2842 erat,
465 2759 558 2827 mala
581 2764 747 2826 sanarent
771 2768 877 2846 atque
901 2757 1095 2826 levissimas
1118 2759 1223 2825 etiam
1248 2777 1374 2826 causas
1393 2757 1465 2826 suf-

346 2883 449 2953 ficere
495 2883 755 2952 arbitrarentur
802 2891 841 2950 nt
893 2888 1043 2950 mortem
1081 2881 1146 2949 sibi
1198 2881 1464 2963 consciscerent,

347 3015 384 3076 ut
430 3007 559 3075 Zenoni
601 3027 741 3096 quoque
783 3015 819 3075 et
861 3005 1022 3075 Cleanthi
1060 3012 1096 3074 et
1136 3005 1254 3074 Attalo
1290 3006 1464 3094 magistris

348 3133 458 3200 risum
501 3137 563 3199 est.
608 3131 790 3220 Optimum
832 3129 919 3199 illud
963 3138 1112 3198 naturae
1155 3131 1338 3198 inventum
1381 3151 1462 3197 cum

343 3254 421 3350 aliis
455 3254 592 3323 dolores
626 3254 791 3322 ferendos
825 3254 973 3322 leviores
1008 3252 1123 3321 reddit
1156 3259 1233 3322 tum
1269 3253 1329 3340 (ad
1356 3252 1463 3322 Marc.

343 3378 436 3467 202)
473 3378 657 3464 „exulibus
687 3380 726 3447 iu
751 3379 902 3466 patriam
928 3397 1068 3466 semper
1091 3377 1249 3446 animum
1274 3377 1463 3468 oculosque

343 3503 569 3573 tendentibus
603 3503 756 3572 ostendit
789 3502 876 3571 nihil
911 3502 1091 3586 interesse,
1126 3502 1219 3570 infra
1255 3501 1348 3592 quod
1385 3503 1464 3591 quis

345 3628 490 3696 iaceat.''
531 3628 602 3717 Ipsi
640 3647 721 3695 vero
762 3626 905 3695 exilium
952 3627 1095 3714 patienti
1131 3626 1361 3693 mutationem
1397 3625 1464 3695 loci

347 3772 410 3841 pro
445 3752 554 3820 nihilo
578 3772 648 3821 non
672 3751 781 3820 fuisse
804 3758 911 3841 atque
935 3749 1031 3819 aliud
1054 3770 1097 3818 ac
1121 3749 1243 3818 mortis
1266 3749 1462 3817 remedium

344 3895 426 3943 eum
469 3876 682 3964 quaesivisse
718 3875 879 3943 vidimus.
914 3874 994 3964 lpso
1027 3874 1142 3944 iudice
1185 3873 1269 3962 (vid.
1313 3895 1346 3962 p.
1381 3872 1462 3962 108)

346 4001 517 4068 maximas
553 4019 740 4090 perpessus
775 3999 1005 4078 calamitates
1030 3998 1141 4066 multo
1165 4003 1261 4066 certe
1283 3999 1463 4085 graviores

344 4144 451 4212 quam
487 4144 578 4213 quae
613 4124 747 4195 Stoicos
782 4123 826 4191 ad
853 4128 1002 4191 mortem
1028 4122 1156 4211 pellere
1181 4122 1351 4206 solebant,
1374 4125 1463 4192 mori

387 4303 415 4376 l)
454 4301 489 4364 ad
511 4302 597 4364 Marc.
619 4303 681 4362 tal
708 4309 772 4373 ete,
793 4298 924 4380 Geiger
944 4300 1121 4362 Selbstmord
1144 4319 1170 4380 p.
1193 4302 1232 4362 18
1253 4319 1326 4380 sqq,
1348 4301 1461 4363 Haase
1506 4278 1509 4284 ¹

343 4416 429 4478 luder
452 4435 504 4478 av.
528 4435 612 4478 mors,

1306 4502 1339 4561 17
