3734 5518
966 688 1012 758 28

427 893 567 957 tantum
602 889 719 958 vivere
752 885 919 956 voluisset
949 925 993 937 -
1027 888 1122 977 quod
1147 905 1343 976 numquam
1370 885 1479 954 voluit
1503 923 1547 935 -

427 1013 534 1082 Attici
557 1013 758 1101 exemplum
781 1012 881 1101 sequi
908 1012 1098 1096 debuisset,
1123 1013 1184 1102 qui
1210 1009 1546 1096 miracalliditate1)

431 1139 520 1206 viam
554 1137 621 1206 sibi
655 1137 698 1205 ad
727 1137 925 1206 libertatem
963 1139 1124 1219 munivit,
1158 1157 1267 1226 quam
1293 1137 1325 1202 ei
1348 1133 1549 1222 gratulatur

427 1261 559 1341 Cicero,
589 1282 670 1331 cum
702 1264 776 1351 ipse
806 1263 914 1332 sentit
936 1260 1054 1330 servili
1077 1281 1114 1329 se
1135 1261 1249 1349 premi
1272 1265 1366 1327 sorte
1386 1255 1446 1346 (ad
1471 1257 1544 1325 Att.

427 1386 473 1456 lV
496 1385 578 1476 ht).
610 1386 767 1455 Eandem
791 1385 836 1454 ob
860 1405 1004 1455 causam
1028 1398 1135 1474 atque
1149 1384 1363 1479 ¹Ciceronem
1377 1382 1546 1452 Senecam

427 1510 667 1599 philosophiae
692 1512 880 1579 maximam
894 1510 1098 1598 impendere
1111 1528 1253 1597 operam
1268 1506 1428 1576 videmus
1440 1509 1547 1594 atque

427 1657 468 1704 eo
503 1635 695 1718 ardentina,
724 1655 794 1724 quo
818 1632 898 1722 plus
919 1640 1163 1717 tuncomnes,
1189 1633 1376 1722 praecipue
1402 1629 1547 1708 nobiles,

428 1759 511 1827 huic
534 1759 714 1828 doctrinae
738 1758 915 1828 favebant.

472 1882 645 1971 Smyrnae
668 1881 790 1952 Cicero
816 1883 930 1951 virum
955 1883 1037 1950 visit
1054 1901 1161 1971 quem
1173 1880 1255 1948 exul
1268 1879 1334 1948 sibi
1346 1878 1546 1967 exemplum

429 2027 557 2095 ponere
591 2008 777 2096 potuisset:
803 2006 966 2076 Publium
999 2006 1099 2074 illum
1124 2005 1295 2074 Rutilium
1320 2003 1465 2086 Rufum,
1489 2003 1546 2071 cui

427 2131 508 2198 inde
534 2130 579 2199 ab
602 2152 695 2200 anno
718 2131 763 2198 92
784 2132 942 2200 exulanti
966 2131 1053 2216 adeo
1078 2132 1148 2198 vita
1172 2129 1327 2198 solitaria
1350 2133 1386 2196 et
1403 2127 1547 2196 umbra-

426 2255 497 2322 tilis
532 2255 703 2346 voluptati
736 2261 823 2339 erat,
857 2260 906 2340 ut,
930 2277 1012 2324 cum
1036 2254 1133 2323 Sulla
1156 2255 1189 2322 ei
1213 2251 1548 2322 veniamredeundi

428 2380 521 2449 ultro
544 2379 738 2459 obtulisset,
762 2381 799 2447 in
823 2365 973 2469 patriam
997 2399 1156 2448 remeare
1182 2383 1362 2447 recusaret
1375 2380 1413 2461 2).

473 2503 667 2573 Maximum
691 2510 810 2573 tamen
834 2503 974 2572 lucrum
998 2504 1092 2592 quod
1119 2524 1162 2570 ex
1186 2503 1311 2571 itinere
1334 2501 1548 2585 iecit‚disci-

428 2627 524 2717 plina
555 2628 622 2696 fuit
646 2649 717 2717 qua
740 2627 908 2696 utebatur
931 2627 1152 2716 egregiorum
1177 2632 1371 2709 oratorum,
1394 2644 1477 2693 nam
1502 2624 1547 2691 ad

428 2889 518 2951 Mittel
549 2907 617 2950 zum
649 2886 759 2957 Zweclr.
791 2886 833 2947 als
855 2885 1016 2965 Vortibung
1039 2887 1087 2948 lirr
1103 2883 1548 2964 seinehieblungswiseenschall

429 3003 498 3064 oder
518 3001 654 3081 richtiger
675 3001 929 3080 Liehlungalrunst,
949 3001 995 3062 dle
1017 3000 1260 3062 Beredsamlroit.”
1538 2990 1542 3002 “

469 3121 500 3193 l)
540 3116 604 3178 Vld.
635 3116 812 3179 Boissier
842 3117 900 3178 Cic.
932 3136 960 3195 p.
993 3119 1052 3178 130
1082 3135 1145 3196 sqq.
1178 3118 1218 3178 lle
1249 3135 1293 3189 eo,
1331 3117 1410 3196 quod
1452 3116 1546 3178 Attico
1579 3099 1584 3109 ⁵

428 3233 620 3298 obiciebatur:
644 3249 726 3304 suam
749 3231 841 3312 ipsius
862 3231 953 3293 solam
975 3231 1128 3294 utilitatem
1149 3251 1217 3294 eum
1228 3240 1365 3312 spectare,
1378 3232 1449 3294 bene
1460 3231 1548 3293 disse·

429 3349 488 3412 ruit
518 3350 634 3411 Lucas
656 3348 805 3411 Collins
827 3348 935 3420 Cicero,
957 3367 983 3427 p.
1008 3351 1063 3409 lo:
1086 3348 1158 3419 „llis
1179 3348 1309 3439 voeation
1332 3368 1390 3410 was
1412 3348 1549 3428 certainly

429 3472 479 3525 not
497 3463 673 3544 palentiam:
697 3465 748 3525 hut
770 3464 817 3524 the
841 3463 959 3544 worldly
983 3463 1102 3524 wisdom
1119 3464 1213 3526 which
1237 3465 1304 3544 kept
1326 3465 1390 3525 well
1404 3464 1471 3525 with
1484 3481 1549 3524 rnen

429 3579 462 3642 ol
489 3579 528 3640 all
560 3578 685 3658 politieal
706 3580 831 3650 colours,
852 3579 907 3639 end
929 3579 1076 3641 escllewed
1098 3580 1146 3641 the
1171 3580 1311 3641 wretched
1334 3579 1473 3658 intrigues
1494 3579 1549 3639 and

431 3694 535 3775 bloody
556 3694 639 3756 leuds
659 3694 692 3756 ol
711 3693 811 3771 Rome,
833 3695 930 3756 stands
951 3703 1002 3755 out
1023 3694 1052 3754 in
1072 3713 1109 3756 no
1126 3695 1333 3756 unlavourable
1344 3702 1469 3756 contrast
1481 3693 1550 3754 with

431 3810 478 3872 tha
508 3809 633 3871 conduct
665 3809 698 3871 ol
723 3828 809 3890 many
831 3810 864 3870 ol
882 3809 933 3870 her
953 3809 1146 3871 soi-disant
1169 3809 1295 3890 patriota.
1317 3810 1344 3870 ll
1363 3809 1398 3870 he
1420 3808 1550 3871 declined

432 3935 460 3987 to
482 3926 582 3987 talea
605 3925 666 3987 side
688 3923 813 3996 himself,
836 3944 901 3986 men
922 3925 955 3986 oi
972 3926 1009 3986 all
1032 3925 1136 4005 parties
1158 3925 1284 3987 resorted
1305 3933 1334 3987 to
1363 3924 1422 3985 him
1435 3923 1463 3985 in
1475 3923 1552 3985 their

431 4041 572 4121 adversity
584 4089 590 4101 .
604 4087 611 4100 .
624 4089 650 4102 ..
673 4041 730 4103 this
748 4059 814 4101 mun
839 4059 896 4101 was
917 4040 1014 4120 surely
1035 4059 1065 4101 as
1086 4040 1161 4120 good
1181 4061 1196 4101 a
1218 4039 1320 4101 citizen
1332 4040 1422 4101 aethe
1434 4039 1552 4101 noisiest

430 4157 593 4217 clamourer
623 4157 668 4218 lor
696 4154 817 4235 ‚liberty’
849 4155 878 4216 in
908 4157 955 4217 the
976 4155 1094 4227 Forum,
1116 4173 1148 4216 or
1170 4156 1217 4216 the
1239 4155 1361 4216 readiest
1384 4155 1458 4217 hand
1482 4155 1550 4216 with

431 4272 479 4334 the
500 4271 634 4352 dagger.”

472 4389 503 4465 2)
544 4385 616 4447 Vide
639 4404 713 4464 quos
733 4385 800 4447 citat
821 4386 1007 4447 Drumann
1029 4385 1053 4447 V
1075 4389 1135 4448 250
1156 4404 1221 4448 ann.
1242 4388 1282 4447 84
1302 4393 1330 4448 et
1351 4388 1399 4447 85.
