3734 5518
940 622 984 690 62

440 819 473 890 3.
519 819 669 889 Carmen
704 819 825 889 Getico
859 841 1021 891 sermone
1044 826 1283 915 conscriptum
1308 827 1341 894 in
1367 825 1519 911 laudem,

397 945 474 1014 Divi
498 944 660 1034 Augusti,
684 944 812 1014 'liberii
837 952 874 1013 et
897 946 1051 1016 familiae
1074 949 1339 1040 imperatoriae:

556 1141 620 1202 Ab!
644 1141 744 1220 pudet,
766 1149 796 1202 et
817 1143 922 1204 Getico
945 1147 1048 1224 scripsi
1069 1165 1205 1207 sermone
1225 1146 1428 1208 libellum...

556 1258 713 1318 Materiam
736 1260 878 1336 quaeris?
900 1260 1012 1321 laudes.
1035 1261 1073 1323 de
1093 1262 1220 1323 Caesare
1241 1262 1305 1322 dixi
1334 1266 1368 1337 ι).

595 1373 708 1434 Adiuta
729 1379 774 1434 est
795 1375 913 1435 novitas
934 1377 1057 1436 numine
1077 1382 1180 1438 nostra
1201 1377 1260 1438 dei.
1274 1425 1280 1439 .
1293 1422 1320 1438 ..

556 1490 627 1550 Esse
648 1509 748 1568 parem
773 1491 885 1551 virtuto
906 1494 993 1570 putri,
1015 1495 1068 1572 qui
1089 1494 1175 1552 frena
1196 1499 1318 1572 rogatus
1389 1511 1390 1516 ’

594 1605 687 1684 Saepe
708 1607 835 1666 recusoti
857 1609 968 1685 ceperit
989 1609 1116 1687 imperii,
1138 1615 1193 1670 otc.

812 1721 863 1800 (ex
886 1724 920 1782 P.
942 1725 986 1784 1v
1011 1727 1056 1784 13,
1081 1726 1129 1801 19,
1151 1728 1189 1784 23
1210 1744 1264 1803 sq„
1286 1728 1323 1786 22
1345 1760 1383 1770 -
1405 1727 1474 1804 32.)

436 1906 467 1976 lt.
516 1907 805 1987 Halieutioorum‚
839 1929 930 1998 quae
968 1912 1166 2000 „supremis
1198 1911 1272 1980 suis
1295 1913 1515 2002 temporibus

392 2033 592 2102 incohavit”
628 2032 733 2121 (Plin.
769 2033 812 2102 N.
849 2033 889 2103 H.
922 2033 977 2118 32,
1009 2034 1102 2124 152),
1126 2036 1366 2126 fragmentum
1389 2044 1514 2120 exstet,

397 2157 489 2247 quod
515 2159 675 2246 spurium
700 2179 776 2228 esse
801 2166 884 2228 sunt
908 2161 968 2248 qui
991 2160 1148 2230 iudicent
1165 2162 1204 2248 2).
1229 2201 1274 2210 -

435 2282 475 2350 ln
518 2284 732 2353 editionibus
767 2284 920 2352 Senecae
955 2285 1212 2374 epigrammata
1246 2306 1371 2354 novem
1410 2285 1512 2374 vulgo

390 2408 649 2497 exprimuntur,
673 2429 825 2498 quorum
850 2409 1005 2498 primum
1030 2416 1182 2489 tantum,
1206 2410 1413 2491 secundum,
1434 2430 1511 2498 sep·

390 2533 517 2601 timum
543 2533 701 2602 codicum
729 2535 1027 2632 mssauctoritos
1051 2534 1204 2603 Senecae
1226 2535 1389 2604 vindicat.
1414 2534 1508 2603 Num

390 2657 476 2725 baec
511 2657 653 2746 quidem
689 2658 843 2745 genuina
877 2658 957 2740 sint,
989 2679 1050 2747 pro
1075 2667 1170 2729 ccrto
1195 2659 1364 2726 affirmari
1388 2660 1510 2748 nequit

389 2781 578 2868 (Schanz
602 2781 641 2851 R.
667 2781 702 2850 L.
728 2781 769 2849 lI.
799 2805 831 2871 p.
854 2781 947 2869 272).

436 2905 481 2973 lle
512 2906 775 2993 tragoediarum
799 2912 913 2974 aetate
938 2927 1019 2974 cum
1046 2906 1131 2975 nibil
1157 2909 1243 2976 oerti
1268 2908 1375 2975 statui
1400 2908 1509 2997 possit

388 3030 449 3118 (ib.
476 3054 507 3121 p.
531 3031 599 3098 269
622 3035 699 3121 sq.)‚
723 3031 824 3100 nobis
847 3033 1025 3120 agendum
1049 3031 1092 3100 de
1115 3033 1158 3099 iis
1182 3053 1251 3100 non
1277 3043 1341 3101 est.

431 3155 605 3224 Gerclre
629 3155 677 3244 (p.
702 3155 769 3223 287
793 3157 860 3245 sq.)
884 3157 978 3224 exilii
993 3157 1211 3246 temporibus
1224 3156 1507 3246 librumquoque

386 3282 530 3348 tertium
566 3280 608 3347 de
632 3280 689 3348 lra
711 3279 866 3363 ascribit,
890 3280 949 3349 sed
977 3302 1058 3350 cum
1082 3281 1159 3370 ipsa
1185 3282 1289 3349 buius
1312 3281 1507 3349 sententiae

385 3412 595 3494 argumenta
630 3426 699 3473 non
736 3404 928 3473 admodum
963 3406 1066 3473 lirma
1097 3407 1179 3486 sint,
1203 3405 1246 3472 de
1269 3405 1372 3473 exilio
1395 3406 1507 3493 scrip-

386 3530 471 3598 toris
504 3551 547 3597 ex
585 3531 650 3598 hoc
684 3548 789 3616 opere
827 3529 981 3598 multum
1013 3529 1099 3599 disci
1123 3550 1192 3598 non
1220 3550 1321 3618 posse
1345 3530 1431 3598 satis
1453 3534 1507 3596 est

385 3655 621 3743 perspicuum.

424 3882 454 3952 1)
486 3879 681 3959 Interpunclio
692 3879 852 3941 secundum
866 3878 901 3938 ll.
913 3877 1060 3939 Gilbert
1072 3877 1210 3938 Fleckeis.
1222 3877 1319 3938 Jahrb.
1334 3879 1410 3937 1896
1420 3894 1445 3955 p.
1455 3879 1504 3936 62.

423 3997 453 4068 2)
495 3994 649 4074 Epicadion
682 3995 711 4055 in
744 3995 780 4055 M.
803 3993 950 4056 Valerium
974 3993 1133 4054 Messallam
1155 3998 1200 4067 (en
1223 3991 1253 4052 P.
1275 3992 1287 4052 l
1309 3995 1377 4053 729
1399 3991 1455 4070 sq.)
1476 3997 1503 4052 et

382 4110 599 4190 epithalamium
633 4109 733 4171 Paullo
766 4109 855 4170 Fabio
876 4107 1002 4170 Maximo
1022 4108 1074 4184 lib.
1096 4109 1108 4169 Ι
1130 4110 1218 4169 2133
1240 4107 1296 4186 sq.)
1318 4107 1424 4168 Romae
1446 4107 1501 4166 iam

382 4225 505 4305 scripsit.

979 4387 1079 4400 «axx-m..
