3778 5488
896 777 964 846 ‘205

364 976 497 1045 amicos
532 996 599 1043 non
637 974 754 1043 iuerat
789 994 903 1063 neque
942 972 1090 1042 Ovidius
1113 973 1270 1042 carmine
1294 973 1387 1042 facta
1410 975 1487 1042 eius

365 1101 579 1170 immortalia
613 1100 819 1168 reddidisset
854 1098 916 1186 (ib.
951 1097 996 1168 53
1030 1101 1109 1188 eqd,
1146 1099 1210 1167 nisi
1243 1099 1487 1168 etestimonio

366 1224 494 1294 Tiberii
530 1225 636 1314 legati
669 1225 800 1313 aliquid
827 1224 907 1292 boui
931 1222 997 1292 sibi
1020 1230 1267 1313 exspectasset.
1292 1224 1487 1293 Verisimile

365 1352 459 1420 enirn
500 1355 563 1429 est,
599 1348 775 1419 Vestalem
810 1349 918 1417 fuisse
953 1349 1196 1418 centurionem
1233 1348 1344 1431 illurn,
1380 1368 1485 1438 quern

366 1474 527 1544 Tiberius
572 1475 606 1543 in
655 1473 842 1544 'l'braciam
891 1475 996 1554 misit,
1041 1481 1079 1542 ut
1122 1475 1303 1543 nuntiaret
1346 1474 1488 1563 regibus

367 1597 622 1688 Rhescuporidi
663 1607 700 1667 et
742 1598 852 1688 Cotyi,
895 1619 939 1667 ne
975 1599 1084 1668 armis
1118 1601 1355 1688 disceptarent
1390 1598 1487 1687 (Tac.

367 1723 607 1810 Analiba).
633 1762 676 1774 -

412 1847 466 1917 Sic
490 1848 647 1938 singulos
671 1849 792 1918 laudat
815 1850 957 1935 amicos,
981 1851 1016 1918 in
1032 1850 1234 1917 uniuersum
1248 1869 1309 1918 eos
1321 1848 1488 1918 laudandi

371 1974 508 2062 parcior
554 1973 679 2062 (sortes
724 1974 828 2044 amici
872 1973 928 2042 Tr.
964 1975 978 2042 I
1013 1973 1108 2058 6.l5;
1145 1995 1318 2043 memores
1352 1973 1489 2042 sodales

367 2099 412 2167 lb.
440 2098 484 2166 lIl
508 2097 581 2181 8.9;
605 2119 663 2168 vos
676 2119 828 2188 quoque,
843 2106 1023 2169 consortes
1035 2099 1154 2182 studii,
1166 2100 1224 2188 pia
1235 2099 1351 2174 turba.
1364 2107 1488 2188 poetae

367 2223 411 2290 ib.
440 2223 465 2291 V
487 2222 599 2310 3.47):
623 2244 643 2292 e
667 2224 844 2292 contrario
868 2224 1035 2292 continuo
1059 2228 1238 2292 crescente
1264 2224 1487 2313 impatientia

369 2347 447 2438 plus
481 2348 589 2417 semel
623 2348 825 2416 tarditatem
858 2368 982 2416 eorum
1007 2349 1164 2436 increpat
1188 2348 1306 2438 itaque
1333 2349 1485 2418 multum

369 2473 509 2541 redimit
549 2472 685 2542 servilis
727 2471 949 2556 adulationis,
986 2492 1105 2561 quam,
1141 2478 1182 2540 ut
1215 2473 1331 2562 quivis
1364 2473 1487 2544 eodem

372 2596 448 2666 loco
495 2598 639 2687 positus,
686 2598 870 2666 ostendere
916 2604 1059 2667 coactus
1093 2605 1179 2666 erat.
1215 2595 1332 2666 Primo
1366 2598 1490 2668 leviter

368 2727 506 2790 tantum
541 2741 601 2790 eos
633 2719 890 2810 perstringebat
904 2729 960 2789 ut:
997 2719 1138 2804 „Timor
1173 2719 1329 2792 ollioium
1363 2729 1489 2792 cautus

367 2845 579 2934 compescit*
604 2843 677 2933 (Tr.
702 2845 752 2914 ΙΙΙ
775 2844 892 2934 dtus),
917 2846 977 2914 sed
1002 2867 1083 2915 oum
1108 2848 1177 2915 iarn
1203 2867 1266 2937 per
1289 2847 1490 2936 complures

367 2989 479 3037 annos
512 2969 681 3050 osticium,
718 2971 810 3059 quod
847 2977 1125 3060 exspectaverat,
1150 2991 1248 3060 spem
1272 2972 1488 3054 frustrasset,

370 3093 564 3182 indignatio
602 3093 741 3163 vincula
774 3095 894 3163 omnia
925 3095 1021 3184 rupit
1043 3100 1079 3162 et
1102 3095 1136 3162 in
1161 3115 1221 3164 eos
1243 3096 1404 3166 invectus
1426 3104 1489 3178 est,

367 3219 428 3306 qui
450 3217 643 3286 identidem
668 3227 851 3308 rogarent:
876 3217 984 3300 „Quis
1008 3219 1082 3301 tibi,
1107 3219 1212 3298 Naso,
1237 3221 1362 3288 modus
1385 3220 1490 3290 laori-

370 3343 456 3411 mosi
468 3343 635 3411 carminis
643 3343 680 3410 ‘l”
693 3341 767 3430 (Tr.
784 3341 926 3433 Ἠῶ),
937 3343 1002 3432 ‚qui
1015 3343 1149 3412 libellos
1162 3349 1359 3432 carperent,
1372 3345 1488 3433 „quod

368 3469 490 3555 (esset)
524 3469 560 3535 ln
597 3467 650 3536 bis
676 3467 798 3536 eadem
836 3468 1033 3536 sententia*
1068 3472 1125 3553 (ex
1160 3468 1197 3537 P.
1234 3467 1280 3536 lll
1303 3469 1384 3556 9.l)‚
1407 3489 1489 3538 curn

368 3599 487 3660 tamen
511 3592 599 3660 nibil
624 3593 734 3681 magis
757 3593 957 3662 excusabile
980 3601 1082 3677 esset,
1107 3615 1189 3662 nam
1216 3613 1432 3685 quamquam

489 3735 526 3794 ut
546 3735 638 3814 pudet
658 3741 688 3795 et
710 3741 810 3797 metuo
830 3754 1006 3815 semperque
1027 3737 1192 3816 eademqne
1213 3738 1336 3815 precari,

528 3851 574 3911 Ne
594 3853 721 3913 subeant
741 3853 841 3912 animo
863 3852 961 3913 taedia
981 3855 1061 3914 insta
1083 3858 1143 3914 tuo.

1071 3923 1450 4049 maumam;

369 4075 490 4139 tamen

487 4214 563 4277 Oum
585 4217 694 4276 totiens
714 4217 817 4277 eadem
838 4217 945 4296 dicam,
967 4220 1019 4279 rix
1041 4219 1148 4279 audior
1167 4220 1230 4280 ulli.

1170 4335 1222 4414 (ex
1242 4336 1276 4396 P.
1298 4336 1346 4394 111
1368 4338 1450 4409 939)

416 4463 560 4533 Suillius
583 4464 748 4535 acerbam
773 4467 922 4539 ironiam
944 4467 1044 4557 legit:
