3734 5518
701 1869 996 1982 CAPUT
1036 1871 1085 1978 Ι.

813 2142 966 2159 ΝΛΝΝΛΙΝΝᾺ

638 2323 719 2415 DE
768 2321 1139 2417 FONTIBUS.
1243 2249 1247 2257 ⁸

375 2578 465 2647 Cum
489 2579 525 2646 iu
550 2577 738 2660 Ciceronis
764 2577 890 2663 Ovidii,
914 2577 1066 2647 Senecae
1094 2579 1243 2647 vitarum
1272 2580 1448 2669 prioribus

330 2701 492 2792 partibus
533 2702 741 2771 enarrandis
775 2723 845 2772 non
881 2701 989 2770 semel
1024 2703 1142 2792 iuopia
1176 2703 1328 2773 fontium
1364 2726 1450 2774 con·

331 2827 512 2916 querenda
543 2827 599 2912 sit,
632 2865 671 2876 —
697 2827 790 2915 quod
815 2847 930 2916 neque
953 2847 1076 2896 rarum
1101 2847 1216 2916 neque
1241 2829 1369 2896 mirum
1395 2835 1448 2898 est

331 2951 366 3020 in
400 2971 611 3041 magnorum
645 2952 801 3021 virorum
831 2952 951 3032 initiis,
977 2971 1059 3021 oum
1082 2950 1141 3020 alii
1166 2952 1349 3022 hominum
1374 2953 1447 3022 sata

331 3075 399 3144 nisi
421 3076 493 3144 iam
516 3075 708 3144 illustrium
732 3076 908 3146 laetorum
932 3095 1003 3144 non
1016 3083 1152 3160 curent,
1164 3076 1231 3166 ipsi
1244 3077 1449 3146 obscuriora

331 3221 396 3269 sua
431 3200 604 3290 principia
634 3220 719 3291 prae
744 3205 883 3291 postera
907 3200 1117 3270 claritudine
1138 3206 1369 3280 ¹contemnant
1393 3240 1447 3288 -,

332 3326 374 3393 ad
410 3325 630 3394 exulantium
666 3331 739 3395 tam
775 3325 869 3395 laeta
902 3344 1010 3415 quam
1034 3324 1182 3394 allectus
1205 3325 1448 3413 cognoscenda

331 3449 450 3539 ampla
494 3470 559 3519 nos
593 3451 741 3519 materia
776 3450 919 3520 fortuna
950 3448 1077 3518 beavit.
1102 3449 1214 3518 lmmo
1239 3470 1320 3519 vero
1347 3450 1449 3539 plura

331 3575 437 3643 etiam
462 3595 557 3644 nuno
580 3573 753 3644 habemus
775 3575 976 3644 testimonia
998 3594 1105 3663 quam
1129 3574 1196 3663 ipsi
1219 3573 1350 3663 publici
1362 3574 1450 3643 iuris

331 3717 407 3768 esse
430 3698 629 3768 voluerunt.

376 3824 427 3892 De
463 3823 612 3892 miseriis
645 3825 718 3894 suis
752 3825 826 3914 ipse
850 3824 970 3894 Oioero
994 3825 1030 3892 iu
1053 3822 1272 3892 orationibus
1295 3841 1337 3890 ea
1366 3842 1449 3911 pro-

333 3949 520 4027 nuntiavit,
554 3969 645 4038 quae
671 3949 774 4039 vulgo
798 3969 862 4038 pro
888 3949 978 4016 veris
1003 3946 1182 4015 venditare
1206 3945 1388 4035 cupiebat;
1412 3946 1448 4013 in

332 4073 491 4163 epistulis
525 4093 618 4158 vero,
638 4074 673 4143 in
698 4073 787 4142 libro
810 4072 942 4142 scilicet
966 4069 1013 4139 lll
1037 4071 1082 4140 ad
1106 4071 1275 4154 Atticum,
1300 4068 1380 4138 XlV
1404 4070 1447 4139 ad

332 4197 545 4282 Terentiam,
588 4198 603 4266 1
644 4198 687 4266 ad
723 4196 893 4278 Quintum
929 4197 1087 4280 fratrem,
1121 4195 1228 4264 animi
1263 4196 1450 4264 interiores

333 4329 450 4392 motus
474 4322 637 4413 prodidit,
661 4342 742 4392 oum
755 4323 800 4391 ad
812 4320 1108 4391 dissimulandum
1120 4325 1261 4410 tempus
1273 4319 1448 4388 deficeret.

331 4443 539 4530 Publioandi
558 4448 653 4517 enim
673 4447 828 4537 integros
847 4447 909 4515 hos
928 4435 1161 4535 epistularum
1181 4443 1289 4514 libros
1309 4444 1448 4536 Cicero·
