3778 5488
916 670 984 739 203

387 871 504 938 minus
527 869 710 939 familiaris
733 868 881 957 (Owen
905 889 938 957 p.
959 867 1117 954 XXXII).
1131 868 1219 937 Cum
1233 874 1352 937 tamen
1366 867 1505 938 'liberio

386 995 695 1064 coniunctissimus
729 1000 822 1063 esset
855 995 974 1083 itaque
1008 993 1043 1061 in
1078 993 1159 1062 aula
1186 993 1335 1062 multum
1363 991 1504 1075 valeret,

384 1120 461 1188 eius
495 1139 637 1210 quoqne
670 1120 956 1189 intercessionem
980 1119 1134 1210 expetiit,
1158 1118 1218 1187 sed
1242 1117 1447 1187 dubitanter
1470 1125 1506 1186 et

387 1243 641 1312 modestissime
665 1249 701 1314 et
723 1283 767 1294 —
790 1244 940 1314 bostra:

465 1413 621 1492 Tantaque
642 1414 674 1473 iu
695 1415 834 1491 Augusto
854 1419 900 1474 eat
920 1415 1088 1492 clementia,
1108 1415 1133 1474 ai
1155 1415 1222 1493 quia
1242 1414 1281 1474 ab
1301 1413 1354 1474 iiio

500 1529 564 1590 Hoc
585 1530 792 1607 (mutationem
813 1530 883 1609 ioci)
904 1535 1017 1609 peteret
1039 1549 1092 1609 pro
1115 1550 1170 1602 me,
1191 1530 1315 1591 forsitan
1338 1531 1390 1591 ilie
1410 1530 1504 1589 daret.

1168 1647 1230 1722 (Tr.
1252 1647 1296 1705 IV
1317 1647 1386 1706 aba
1407 1649 1465 1725 eq.)

465 1762 624 1840 Verbaque
644 1766 746 1822 nostra
766 1761 871 1823 favens
892 1763 1028 1822 Romana
1047 1761 1085 1821 ad
1106 1762 1230 1822 numina
1251 1762 1350 1840 perier

504 1877 571 1937 Non
593 1877 647 1937 tibi
668 1877 795 1955 Tarpeio
815 1876 896 1936 culta
916 1877 1051 1937 Tonante
1073 1877 1171 1937 miuus
1183 1924 1189 1937 .
1202 1919 1229 1938 ..

464 1992 512 2052 Sic
531 1993 633 2071 igitur,
654 1993 739 2071 quasi
762 2012 808 2052 me
829 1993 929 2052 nuilus
949 1992 1098 2071 deceperit
1117 2011 1209 2068 error,

505 2109 606 2170 Verba
626 2108 682 2186 iac,
704 2115 737 2168 ut
758 2109 828 2177 vita,
851 2127 941 2187 quam
962 2107 1045 2168 dedit
1065 2109 1128 2187 ipae
1149 2108 1250 2170 fruar.
1265 2153 1292 2170 ..

505 2223 551 2283 Sit
571 2228 624 2283 tua
645 2223 787 2284 mutando
807 2224 906 2302 gratia
927 2223 1035 2284 blanda
1058 2224 1121 2284 loco
1133 2271 1140 2285 .
1154 2270 1160 2283 .
1173 2268 1200 2283 ..

465 2338 591 2399 Difficile
611 2345 665 2416 eut,
685 2337 795 2400 fateor:
816 2339 869 2400 sed
889 2339 984 2400 tendit
1005 2340 1035 2398 in
1056 2339 1151 2400 ardua
1172 2341 1276 2400 virtue.

865 2460 916 2532 (ex
937 2456 972 2518 P.
993 2456 1026 2514 11
1047 2457 1113 2515 241
1136 2475 1190 2535 aq„
1211 2458 1246 2515 61
1270 2475 1324 2535 aq.,
1344 2457 1466 2532 tarn)

430 2615 595 2683 Sextus
619 2615 869 2705 Pompeius
893 2615 1141 2705 Pompeiorum
1155 2614 1311 2698 ultimus
1324 2636 1395 2706 quo
1407 2636 1501 2684 anno

386 2738 533 2809 Ovidius
578 2741 754 2830 relegatus
799 2746 862 2820 est,
908 2747 1115 2829 propraetor
1161 2742 1308 2810 sortasse
1350 2740 1504 2810 Achaiae

386 2864 532 2953 (Owen
558 2864 663 2954 XLI).
686 2866 836 2955 pecnnia
859 2871 895 2934 et
918 2865 1091 2954 pracsidio
1115 2886 1196 2934 eum
1223 2864 1375 2935 adiuvit:

546 3034 665 3112 Accipe,
686 3035 818 3112 Pompei,
841 3033 999 3094 deductum
1021 3053 1141 3095 carmen
1162 3036 1201 3096 ab
1221 3035 1283 3112 iiio,

586 3150 710 3211 Debitor
730 3156 776 3211 eat
797 3152 876 3211 vitae
896 3151 948 3229 qui
969 3151 1033 3222 tibi,
1055 3150 1155 3222 Sexte,
1176 3171 1256 3212 auae.

1143 3267 1195 3344 (ex
1216 3267 1250 3328 P.
1271 3268 1315 3326 IV
1339 3270 1382 3328 l.l
1407 3270 1465 3347 aq.)

545 3383 588 3441 Te
607 3383 674 3453 eibi,
694 3401 761 3441 uum
782 3381 910 3460 fugeret,
935 3383 1057 3442 memori
1078 3382 1225 3444 solatore
1246 3381 1358 3442 referre

586 3498 749 3560 meariae
769 3503 850 3558 tutae
870 3498 1043 3558 exhibuisse
1064 3499 1143 3559 riae:

547 3613 700 3692 Sanguine
720 3615 887 3674 Bistonium
909 3614 988 3693 quod
1010 3633 1069 3676 non
1091 3613 1264 3693 tepefecerit
1282 3635 1394 3694 ensem,

586 3729 731 3789 Effectum
752 3749 824 3790 cura
845 3731 972 3808 pectoris
991 3749 1055 3791 eaae
1077 3731 1136 3790 tui:

546 3844 658 3905 Addita
679 3850 833 3923 praeterea
854 3846 934 3905 ritae
954 3863 1073 3924 quoque
1097 3846 1192 3906 multa
1212 3847 1342 3907 tuendae

586 3961 722 4038 Munera,
744 3980 782 4021 ne
803 3963 937 4040 propriae
957 3966 1127 4022 attenuaret
1147 3981 1227 4042 opes.

985 4077 1036 4153 (ib.
1059 4077 1218 4155 oea-38,
1237 4077 1274 4138 ei.
1299 4080 1365 4139 153
1386 4079 1465 4158 sqq.)

429 4235 531 4320 Eum,
556 4237 617 4324 qui
653 4237 722 4303 iam
753 4241 853 4304 tanta
884 4235 1148 4305 benevolentiae
1173 4238 1374 4307 testimonia
1396 4239 1504 4319 dedit,

385 4367 496 4448 rogat,
521 4381 603 4430 cum
629 4361 835 4450 praesertim
859 4361 981 4430 consul
1005 4361 1121 4431 factus
1141 4363 1186 4430 sit
1198 4362 1260 4446 (ib.
1274 4361 1310 4450 4)
1321 4368 1357 4431 et
1369 4363 1505 4432 amicus
