3778 5488
880 690 947 758 199

396 889 587 979 Postquam
622 909 664 958 ex
699 888 735 957 P.
768 890 802 957 ΙΙ
836 888 859 956 3
893 889 1120 958 vehementer
1154 889 1314 957 invectos
1348 895 1403 957 est
1432 889 1466 956 in

350 1013 478 1082 infidos
516 1015 658 1096 amicos,
694 1034 757 1104 per
791 1019 903 1083 tolum
940 1014 1117 1103 reliquum
1152 1037 1295 1084 oarmen
1330 1016 1467 1085 Cottam

350 1139 490 1228 egregie
524 1139 655 1224 laudat,
691 1138 785 1227 quod
821 1140 991 1207 miserum
1025 1159 1062 1207 se
1094 1147 1130 1208 el
1154 1161 1265 1229 paene
1290 1148 1468 1210 mortuum

350 1269 542 1333 sustentet:

553 1407 628 1466 Vola
649 1407 729 1484 regis
751 1425 877 1485 quassae
898 1406 1129 1486 qualiacumque
1149 1409 1233 1468 ralia.

510 1523 654 1600 Quaeque
674 1523 716 1581 ita
736 1540 878 1582 conaussa
898 1527 952 1592 ost,
974 1528 1008 1582 ut
1028 1523 1089 1581 iam
1110 1541 1217 1583 casura
1238 1529 1368 1602 putetur,

551 1637 656 1697 Restat
675 1637 773 1697 adhue
793 1638 905 1697 umeris
926 1637 1002 1698 lulla
1024 1639 1112 1698 ruina
1133 1639 1201 1699 lais.

1225 1759 1280 1830 (vs.
1302 1754 1433 1833 58-60)

398 1887 523 1956 Merita
555 1887 620 1976 (vs.
644 1885 705 1975 96)
728 1893 848 1955 autem
874 1887 1025 1975 potentis
1048 1888 1153 1957 amici
1176 1887 1284 1956 luisse
1311 1887 1473 1956 videnlur

353 2012 402 2080 nil
435 2012 501 2079 nisi
526 2011 664 2080 litterae
687 2011 940 2081 consolatoriae
964 2011 1029 2100 (vs.
1053 2011 1111 2097 67)
1135 2018 1170 2079 et
1194 2013 1366 2102 promissa
1389 2032 1473 2081 oon·

352 2138 444 2206 versi
468 2137 619 2228 Augusti
642 2136 761 2204 animi.

398 2269 549 2340 Eaedem
576 2270 699 2339 laudes
722 2275 933 2360 repetuntur
956 2289 999 2337 ex
1023 2268 1059 2336 P.
1086 2269 1132 2338 llI
1156 2269 1195 2338 2:

514 2414 588 2474 Para
609 2413 680 2473 aslis
703 2413 788 2491 panai
810 2412 923 2483 molior,
945 2413 997 2491 qui
1019 2412 1107 2472 robus
1128 2413 1159 2472 in
1181 2414 1254 2473 arlia

551 2529 643 2589 Ferre
663 2528 737 2588 mihi
758 2527 872 2589 nullam
895 2534 982 2606 turpe
1003 2528 1129 2606 putastis
1149 2547 1245 2607 opem.

1227 2648 1283 2719 (va.
1307 2644 1344 2704 25
1366 2645 1433 2724 ιφ),

354 2777 415 2845 sad
450 2777 487 2845 in
522 2778 679 2847 carmine
714 2779 839 2867 quinto
873 2775 1029 2845 eiusdem
1055 2777 1136 2845 libri
1159 2797 1201 2844 ex
1225 2777 1348 2846 eodem
1372 2777 1475 2846 Cotta

352 2901 492 2990 quaerit
514 2922 601 2970 num
626 2901 679 2969 sui
704 2902 811 2970 eliam
838 2922 971 2969 memor
992 2902 1047 2982 sit,
1062 2922 1098 2969 se
1113 2900 1287 2970 desideret
1300 2901 1472 2989 (ar-44),

354 3046 435 3116 spes
458 3026 574 3095 adhuc
598 3027 769 3115 supersit:

515 3177 603 3238 Unda
622 3179 747 3258 (Tomis)
766 3196 823 3256 ago
843 3178 867 3238 ai
889 3177 951 3237 lato
972 3177 1051 3236 ullor
1072 3177 1247 3255 prohibente
1268 3178 1388 3254 revorti,

554 3293 642 3372 Spem
663 3295 729 3354 sina
749 3294 891 3373 profectu,
913 3294 1055 3367 Maxima,
1079 3293 1150 3353 tolla
1172 3293 1254 3353 milri.

1306 3407 1357 3482 (⁵⁷
1379 3413 1436 3487 so)

398 3540 583 3610 Fabium
620 3541 868 3626 Maximum,
903 3561 1009 3631 quem
1045 3561 1184 3631 semper
1214 3540 1332 3624 coluit,
1358 3547 1471 3629 poeta,

353 3671 395 3734 ut
417 3669 556 3753 praesto
579 3663 646 3733 sibi
669 3666 715 3734 sit
737 3665 829 3755 apud
856 3665 1069 3754 Augustum,
1082 3665 1140 3734 cui
1152 3670 1231 3733 erat
1241 3666 1474 3755 gratissimus

354 3795 428 3858 tam
452 3809 516 3858 sua
540 3811 648 3879 quam
672 3791 792 3858 uxoris
813 3791 938 3879 gratia,
965 3789 1107 3858 humilis
1123 3789 1341 3879 supplexque
1355 3798 1478 3877 rogata

514 3933 571 3992 Illa
590 3951 647 4011 ago
668 3952 745 4009 sum,
766 3935 818 4012 qui
841 3938 871 3992 la
892 3933 979 4005 colui,
1002 3952 1090 4012 quem
1111 3932 1187 3993 laeta
1208 3932 1322 3992 solebat

555 4049 641 4109 inter
661 4050 804 4110 convivas
825 4068 928 4109 mensa
950 4049 1052 4109 ridere
1072 4054 1139 4109 tuos
1152 4096 1158 4108 .
1171 4095 1178 4107 .
1192 4091 1218 4108 ..

516 4164 572 4225 Ille
592 4183 648 4244 ago
670 4165 707 4224 do
728 4169 828 4225 vostra
847 4165 894 4224 aui
916 4164 986 4224 data
1006 4169 1100 4242 nupta
1121 4163 1207 4224 domo
1230 4167 1354 4222 θείη..

515 4283 577 4341 Neo
597 4286 697 4340 lamen
719 4280 845 4340 ulterius
866 4283 1025 4359 quiequam
1048 4298 1171 4358 sperove
1194 4297 1345 4358 preserve,

555 4397 651 4466 Quam
674 4397 751 4456 male
773 4402 886 4457 mutato
907 4415 991 4474 posse
1012 4414 1113 4455 oarero
1134 4396 1206 4454 loeo.
