3734 5518
921 748 967 816 60

387 943 494 1025 llexit,
519 945 606 1013 risui
629 967 699 1014 non
723 945 991 1034 temperarunt”
1018 945 1114 1032 (Tac.
1139 948 1180 1016 A.
1205 948 1287 1016 XIII
1310 947 1357 1034 3).
1393 947 1505 1016 Immo

384 1068 428 1138 de
470 1070 603 1140 Seneca
647 1051 774 1155 valent,
816 1091 907 1161 quae
950 1071 992 1139 dc
1036 1072 1175 1142 Nerone
1214 1073 1336 1142 scribit
1371 1072 1506 1141 Plinius

384 1194 529 1284 (Paneg.
554 1194 631 1284 ll):
656 1195 808 1280 „dicavit
829 1196 927 1265 caelo
949 1195 1147 1282 Claudium,
1172 1198 1232 1266 sed
1258 1197 1505 1267 utirrideret.'’

432 1318 553 1388 Mirari
576 1326 696 1389 autem
720 1341 937 1410 quemquam
961 1341 1063 1411 posse
1088 1322 1122 1390 in
1150 1321 1248 1392 Ludo
1260 1322 1449 1391 allusiones
1460 1319 1502 1390 ad

295 1511 299 1518 .
385 1443 521 1513 Claudii
547 1451 694 1514 mortem
720 1445 840 1516 deesse
864 1446 1150 1534 (Boisserain
1176 1468 1207 1536 p.
1232 1447 1280 1536 8),
1305 1468 1375 1516 non
1399 1446 1504 1515 intel-

384 1568 472 1658 lego.
509 1569 633 1637 Nonne
668 1571 784 1639 insani
815 1570 939 1641 luisset
969 1571 1074 1640 simul
1099 1592 1230 1642 norum
1253 1573 1502 1662 imperatorem

384 1701 568 1784 tamquam
612 1695 794 1763 bominum
837 1703 1051 1764 servatorem
1097 1701 1205 1786 atque
1239 1696 1370 1766 saeculi
1405 1696 1505 1765 aurei

384 1825 629 1888 renovatorem
656 1819 858 1908 praedicare
882 1819 987 1907 (Lud.
1011 1819 1187 1905 4),s1mu1
1211 1821 1354 1905 scelera,
1374 1820 1504 1911 quibus

384 1943 474 2013 alter
509 1943 566 2013 bic
589 1943 765 2012 Saturnus
784 1944 1021 2034 principatum
1044 1954 1290 2034 occupaverat,
1313 1945 1504 2035 evulgaret

386 2069 433 2136 At
467 2067 569 2153 Nero,
606 2068 754 2137 testibus
790 2068 899 2138 Dione
934 2069 1014 2158 (1.1.)
1049 2077 1085 2138 et
1117 2069 1286 2138 Suetonio
1309 2069 1420 2157 (Nero
1443 2067 1503 2158 33)

386 2192 517 2262 boletos
542 2193 711 2277 „deorum
735 2193 876 2262 cibum”
900 2193 1056 2263 dIcebatl
1090 2195 1158 2263 Sed
1184 2193 1327 2284 quaudo
1350 2199 1386 2262 et
1408 2193 1502 2283 apud

384 2337 483 2406 quos,
507 2323 670 2386 auctores
693 2338 764 2385 uon
784 2317 948 2386 tradunt:
970 2317 1118 2387 sortasse
1138 2339 1257 2388 coram
1271 2318 1504 2387 familiaribus

384 2449 420 2509 et
443 2449 630 2531 postquam
655 2449 806 2527 „cuncta
829 2444 1075 2530 pernotuere'’‚
1099 2443 1193 2532 quod
1219 2443 1344 2527 „mox”
1369 2443 1502 2513 lactum

384 2586 460 2635 esso
494 2573 618 2636 narrat
651 2566 794 2636 Tacitus
828 2567 886 2653 (A.
921 2567 986 2636 XII
1020 2567 1091 2655 67).
1115 2567 1280 2658 Insuper:
1305 2568 1399 2657 quod
1423 2567 1504 2637 licet

385 2691 457 2760 Iovi
481 2713 550 2760 non
574 2691 656 2761 licet
681 2692 770 2761 bovi.

428 2815 528 2897 Quae
557 2836 599 2885 ex
636 2816 755 2884 Tacito
778 2816 814 2884 iu
838 2815 980 2884 laudem
1004 2816 1159 2886 Senecae
1182 2815 1382 2885 alleruntur
1404 2815 1503 2906 (XIII

383 2938 405 3010 2
439 2950 475 3009 et
509 2941 571 3010 XV
605 2941 666 3030 65)
701 2941 787 3010 mihi
821 2939 964 3031 quidem
1001 2940 1045 3008 ad
1077 2942 1231 3030 speciem
1255 2941 1502 3010 tantummodo

386 3067 549 3136 videntur
571 3065 779 3135 laudabilia:
804 3065 1051 3148 „comitatem”
1075 3066 1288 3155 enim,quae
1302 3065 1498 3147 „lubricam

383 3192 552 3281 principis
574 3198 738 3275 aetatem,
762 3193 791 3258 si
816 3191 981 3259 virtutem
1006 3196 1228 3279 aspernatur,
1263 3189 1503 3279 voluptatibus

383 3317 558 3386 concessis
593 3315 765 3384 retinere”
800 3315 930 3394 studet,
964 3315 1000 3382 in
1032 3316 1191 3404 sapiente
1226 3314 1396 3383 admirari
1432 3335 1502 3382 non

385 3460 540 3529 possum,
574 3441 742 3531 quoniam
777 3439 835 3508 ille
871 3440 962 3508 scire
996 3438 1147 3508 debebat
1181 3439 1409 3528 „evulgatum
1434 3460 1501 3527 pu·

384 3564 505 3632 dorem
540 3586 609 3634 non
635 3565 833 3632 satietatem
853 3563 913 3631 sed
938 3564 1207 3632 incitamentum
1231 3562 1380 3631 allerre''
1398 3563 1438 3652 1).
1463 3562 1500 3630 In

384 3688 495 3756 altero
526 3687 601 3757 loco
636 3684 714 3774 (XV
749 3687 809 3776 65)
845 3689 978 3757 Seneca
1012 3689 1264 3757 coniurationis
1295 3686 1502 3756 Pisonianae

384 3813 560 3901 particeps
583 3812 722 3896 dicitur,
746 3833 887 3882 summa
910 3814 1068 3902 profecto
1089 3813 1182 3881 lausl
1207 3813 1305 3894 Quae
1331 3831 1411 3880 vcro
1434 3811 1504 3879 alia

385 3958 428 4005 ex
463 3935 583 4006 Tacito
613 3937 649 4004 iu
683 3938 850 4006 bonorem
872 3936 1025 4006 Senecae
1049 3937 1149 4006 citari
1176 3944 1333 4026 possunt,
1358 3943 1398 4004 ut
1424 3934 1503 4025 pul-

385 4060 573 4148 cherrima]
596 4061 674 4130 eius
706 4081 810 4142 mors,
846 4063 1003 4130 infirmat
1036 4060 1141 4130 illud:
1177 4061 1328 4144 „Fabius
1358 4059 1505 4129 inclinat

384 4185 429 4253 ad
453 4184 575 4254 laudes
597 4186 761 4270 Senecae,
784 4187 886 4256 cuius
908 4186 1063 4255 amicitia
1086 4185 1226 4255 floruit'’
1243 4187 1284 4275 2).

387 4307 617 4420 -rrTacT-r.
636 4345 699 4407 ruv
722 4348 768 4407 u.
791 4347 833 4408 ur.
858 4345 909 4407 nio
930 4348 1030 4423 arne
1051 4345 1189 4408 uerene
1211 4365 1237 4427 p.
1261 4349 1328 4408 aaa.

425 4445 455 4518 2)
496 4444 560 4505 Tac.
582 4444 616 4505 Α.
638 4444 703 4504 XIII
725 4447 773 4504 20.
796 4445 837 4505 Gi.
860 4444 998 4506 Gerclro
1020 4463 1046 4524 p.
1069 4446 1237 4505 eoa-arr.
1396 4521 1403 4532 ·
