3778 5488
967 679 1036 748 248

559 884 618 959 „nt
640 883 718 942 maia
737 883 837 941 aunt”.
859 880 964 940 fateor.
986 878 1054 956 quis
1075 882 1104 938 ie
1127 877 1205 938 maia
1225 895 1344 937 sumere
1364 876 1469 954 eogiti

598 1000 661 1058 Aut
680 999 748 1076 quis
767 996 924 1075 deceptum
946 1013 1056 1073 ponere
1077 999 1197 1072 sumpta
1218 995 1321 1053 retati

1238 1109 1302 1188 (Pr.
1325 1109 1353 1167 V
1376 1109 1442 1168 noe
1464 1111 1521 1185 sq.)

755 1225 912 1303 ingenium
933 1226 1024 1303 longa
1044 1224 1182 1302 robigine
1203 1224 1317 1284 laesum

601 1343 712 1419 'Porpet
731 1346 762 1400 et
782 1347 827 1400 est
848 1340 951 1417 mulio,
974 1358 1063 1417 qnam
1085 1338 1144 1398 init
1168 1345 1248 1410 anto,
1270 1339 1369 1398 minus
1382 1385 1389 1400 .
1404 1385 1410 1397 .
1424 1383 1449 1396 ..

559 1456 700 1517 Carmina
721 1456 805 1516 nuile
826 1456 899 1514 mihi
920 1459 992 1516 aunt
1012 1455 1131 1532 scripta,
1152 1460 1206 1514 aut
1226 1454 1328 1532 qualia
1348 1454 1455 1530 earnis,

599 1572 699 1649 Digna
719 1571 765 1630 sui
787 1569 900 1630 domini
921 1575 1064 1648 tempore,
1084 1568 1177 1647 digna
1198 1569 1271 1629 loeo.

1081 1686 1143 1760 (Tr.
1164 1685 1193 1743 V
1216 1686 1300 1744 1221
1324 1703 1380 1761 aq„
1403 1682 1440 1742 35
1462 1688 1519 1761 sq.)

557 1805 593 1863 In
615 1802 725 1880 quibus
744 1802 900 1880 ingenium
920 1800 1031 1861 desisto
1051 1802 1204 1878 requirere
1226 1805 1370 1876 nostrum,

598 1919 724 1979 Nereius
744 1917 828 1977 exiiii
849 1935 888 1977 na
909 1917 1029 1978 videare
1050 1918 1117 1978 mei.

1226 2035 1278 2112 (ex
1299 2034 1333 2093 P.
1356 2033 1372 2090 I
1394 2032 1442 2092 5.3
1463 2032 1519 2110 sq.)

557 2150 742 2228 Ingenioque
766 2168 842 2222 meo,
864 2168 941 2209 vena
962 2149 1041 2227 quod
1063 2167 1193 2228 paupere
1214 2153 1324 2226 manat,

526 2254 528 2258 ¹
597 2265 720 2326 Plaudis
740 2270 770 2324 et
791 2284 807 2324 e
828 2265 895 2325 riso
915 2265 1041 2325 flumina
1062 2283 1171 2342 magna
1191 2265 1273 2324 ienis.

557 2383 652 2442 Grata
671 2382 791 2461 quidem
814 2387 885 2442 eunt
906 2382 978 2441 haee
999 2382 1099 2442 animo
1119 2381 1264 2460 suffragia
1285 2386 1397 2454 nostro,

597 2499 660 2557 Vix
680 2497 737 2558 sibi
758 2516 825 2556 oum
849 2497 970 2557 miseros
991 2515 1076 2575 posse
1097 2497 1213 2575 planare
1233 2500 1328 2575 putot.

1175 2617 1226 2687 (ex
1247 2613 1280 2672 P.
1302 2613 1334 2672 11
1356 2611 1519 2685 nal-24)

757 2729 911 2806 ingenium
933 2729 1015 2807 longi
1037 2729 1172 2788 minnere
1193 2727 1317 2788 labores.

1236 2845 1288 2922 (ex
1310 2845 1343 2906 P.
1365 2845 1518 2917 1114.11)

557 2962 626 3040 Ipse
646 2978 702 3039 ego
722 2961 866 3020 librorum
889 2961 976 3020 rideo
996 2960 1104 3021 deiiota
1126 2979 1270 3021 meorum.

1383 3058 1435 3134 rib.
1456 3060 1518 3133 au)

557 3174 621 3233 Nee
643 3178 742 3234 tamen
764 3174 919 3252 ingenium
940 3174 1026 3235 nobis
1046 3174 1206 3253 respondet
1225 3179 1258 3234 ut
1279 3179 1350 3234 ante
1362 3223 1368 3235 .
1381 3221 1387 3233 .
1400 3218 1427 3235 ..

597 3290 635 3348 Et
655 3308 775 3349 oarmen
798 3308 875 3349 rena
895 3290 1071 3368 pauperiore
1091 3291 1158 3350 fluit
1171 3337 1176 3350 .

557 3406 690 3482 Impetus
710 3405 762 3465 ilie
782 3424 874 3477 aseer,
895 3407 948 3483 qui
970 3411 1072 3466 ratum
1093 3410 1213 3484 peotora
1232 3406 1337 3482 nutrit,

599 3521 657 3591 Qui
680 3522 762 3599 prim
783 3522 814 3581 in
836 3522 922 3582 nobis
942 3539 1007 3581 esse
1028 3521 1150 3598 solebat,
1172 3523 1265 3582 abest.

1037 3640 1088 3711 (ex
1108 3637 1143 3696 P.
1163 3637 1208 3696 IV
1230 3637 1309 3713 215,
1331 3641 1379 3710 20,
1401 3638 1439 3697 25
1461 3641 1518 3716 sq.)

558 3753 596 3810 iit
617 3770 683 3811 mea
704 3751 790 3811 Musa
810 3757 907 3830 potest
928 3753 1046 3830 proprio
1068 3752 1215 3831 deprensa
1235 3754 1343 3830 eolore,

597 3867 730 3945 Insignis
751 3867 833 3926 vitiis
855 3866 980 3926 forsitan
1001 3885 1065 3927 esse
1086 3869 1148 3927 suis
1161 3915 1167 3928 .
1180 3914 1187 3928 .
1200 3912 1227 3930 ..

556 3983 619 4043 Nee
640 3987 669 4043 ie
692 3983 804 4059 mirari,
826 3983 850 4042 si
872 3983 933 4042 sint
953 3983 1069 4054 vitiosa,
1091 3982 1207 4042 deoebit

596 4097 746 4175 Carmina,
768 4116 846 4175 qnae
866 4097 973 4157 isaiam
994 4116 1089 4176 paene
1110 4104 1197 4176 poeta
1217 4099 1316 4158 Getes.

1138 4214 1190 4290 (ib.
1216 4216 1302 4274 13.l3
1324 4234 1379 4293 sq.‚
1403 4218 1438 4276 li
1461 4215 1519 4294 sq.)

483 4372 707 4441 Latinitatem
732 4373 838 4441 etiarn
862 4393 963 4441 suem
988 4393 1025 4442 se
1048 4373 1228 4444 dediscere
1252 4375 1451 4445 contendit:
