3734 5518
870 783 915 852 53

447 979 573 1041 (lenacia
597 1000 681 1041 mene
702 986 735 1041 ut
756 982 864 1059 cuique
884 1001 940 1042 sna
960 987 1015 1058 est,
1036 982 1079 1042 ila
1098 983 1226 1061 concipit
1247 983 1327 1042 intra

486 1096 612 1157 Pectora
632 1115 685 1175 pru
706 1095 785 1157 lectu
806 1115 949 1175 spemque
970 1102 1142 1175 metumque
1162 1116 1226 1158 sno.

446 1212 509 1272 Nec
529 1217 629 1274 lamen
650 1216 683 1273 ul
704 1213 818 1290 primns
839 1231 938 1274 maere
955 1213 1035 1273 male
1054 1212 1127 1273 talia
1148 1231 1265 1292 pessus:

486 1327 594 1388 Obruit
613 1328 752 1407 ingentes
772 1329 830 1389 isla
850 1329 980 1407 procella
1000 1330 1097 1390 viros.
1111 1376 1117 1389 .
1131 1374 1159 1390 ..

445 1443 542 1504 Omne
562 1444 658 1504 sulum
679 1443 750 1505 lenti
772 1445 869 1523 patria
890 1449 945 1522 eal,
969 1450 1003 1504 nl
1024 1445 1154 1523 piscibus
1173 1462 1296 1524 amnon,

487 1559 528 1620 Ut
549 1560 672 1637 vulneri,
694 1579 788 1621 necue
808 1561 951 1639 quicquid
973 1561 1005 1620 in
1025 1562 1098 1621 orbe
1119 1566 1209 1639 petet.

446 1674 509 1735 Nec
528 1674 594 1735 fere
614 1679 774 1755 tempestas
794 1680 857 1736 toto
878 1681 979 1736 lamen
1001 1676 1103 1737 horret
1124 1676 1155 1735 in
1176 1694 1270 1737 annu:

487 1791 526 1850 ut
546 1791 601 1851 libi
623 1825 659 1835 -
682 1792 770 1852 crede
791 1792 879 1853 mihil
902 1827 940 1837 -
961 1797 1097 1870 tempora
1117 1793 1197 1852 veris
1217 1796 1315 1858 erunt.

738 1909 784 1985 (F.
807 1909 823 1967 I
844 1909 1013 1981 ets-len
1034 1908 1203 1985 les-4883
1225 1909 1405 1982 lue-496).

371 2093 440 2174 Qui
472 2114 516 2162 ea
549 2093 700 2182 scripsit,
735 2092 900 2162 studebat
935 2101 974 2162 ul
1012 2094 1078 2162 sibi
1112 2113 1267 2183 aequum
1303 2099 1445 2187 pacaret

327 2216 505 2302 animum3
530 2216 642 2286 *cuius
676 2217 894 2287 fortitudinis
928 2217 1023 2308 apud
1049 2216 1214 2287 Ovidium
1245 2218 1384 2287 nonnisi
1409 2218 1445 2285 in

328 2340 581 2430 posterion'bus
603 2339 655 2410 Ex
678 2341 791 2411 Ponto
814 2341 913 2412 libris
938 2342 1082 2431 vestigia
1105 2347 1307 2412 occurrunt.
1330 2382 1369 2392 -

372 2465 568 2535 Dicendum
593 2474 647 2537 est
669 2468 775 2535 etiam
801 2466 844 2534 de
875 2475 1041 2555 quarto
1068 2467 1127 2535 Ex
1156 2467 1298 2536 Ponto
1319 2466 1445 2550 libre,

327 2590 387 2678 qul
436 2589 525 2660 liber
560 2591 794 2680 suspicionem
831 2599 959 2677 movet,
993 2592 1105 2680 ipsius
1136 2597 1261 2682 poetae
1297 2612 1441 2660 manum

328 2713 488 2783 ultimam
510 2716 608 2804 operi
632 2715 785 2784 defuisse
801 2719 840 2802 1).

372 2837 489 2907 Primo
512 2839 769 2929 praelationem
793 2859 863 2908 non
890 2839 994 2910 habet
1006 2839 1180 2931 (epilogus
1194 2839 1313 2910 haberi
1329 2845 1445 2929 potest

327 2982 470 3032 carmen
495 2963 689 3053 ultimum),
713 2985 783 3054 qua
808 2963 944 3032 nullum
971 2963 1085 3034 Ovidii
1105 2985 1194 3054 opus
1216 2972 1322 3033 carel.
1342 2965 1445 3032 Atla-

328 3107 407 3156 men
446 3087 524 3156 unis
558 3095 656 3158 sexta
690 3095 725 3157 et
759 3109 854 3158 nona
888 3089 1044 3178 exceptis
1074 3109 1198 3157 omnes
1229 3088 1335 3162 huius
1365 3087 1446 3156 libii

327 3212 498 3301 epistulae
522 3213 625 3281 datae
648 3213 799 3281 suntad
823 3214 965 3298 amicos,
990 3213 1118 3303 quibus
1145 3214 1180 3281 in
1203 3212 1444 3301 superioribus

328 3337 426 3407 libris
460 3337 559 3406 nulla
594 3339 763 3427 inscripta
785 3346 849 3422 est,
874 3339 986 3407 itaut
1011 3338 1091 3406 huic
1114 3336 1205 3406 libro
1228 3336 1446 3425 praefatione

330 3482 436 3550 quam
462 3461 613 3531 maxime
626 3482 715 3551 opus
727 3469 828 3531 esset.
857 3462 987 3530 Deinde
1000 3481 1171 3530 numerus
1186 3482 1350 3530 versuum
1364 3460 1445 3530 soli·

327 3591 403 3655 tum
436 3585 544 3654 libelli
577 3585 719 3655 mudum
753 3607 821 3654 non
851 3586 995 3675 paulum
1020 3587 1166 3656 excedit.
1202 3585 1446 3660 Consummati

327 3710 436 3799 igitur
457 3712 610 3800 speciem
633 3709 723 3780 liber
745 3730 813 3778 non
840 3709 955 3778 habet.

371 3833 472 3915 Quod
497 3833 540 3903 ad
576 3835 685 3919 Ibin,
709 3855 853 3905 carmen
877 3836 912 3903 in
937 3836 1095 3924 ignotum
1121 3835 1302 3904 inimicum
1327 3835 1446 3904 invec-

327 3959 451 4044 tivum,
484 3980 554 4030 non
578 3965 632 4030 est
655 3981 720 4030 cur
742 3966 941 4030 statuamus
965 3958 1000 4028 id
1025 3966 1103 4048 post
1127 3965 1275 4027 montem
1301 3959 1443 4028 demum

368 4345 400 4424 l)
441 4343 483 4407 Cl.
507 4343 656 4406 Ehwald
679 4343 709 4406 in
731 4344 813 4406 Burs.
835 4344 969 4405 lauresh.
992 4345 1025 4405 3l
1051 4345 1156 4418 (1882)
1176 4361 1203 4422 p.
1226 4343 1284 4404 ltu
1305 4342 1411 4403 Owen
1434 4339 1445 4402 l

327 4479 355 4541 p.
378 4459 477 4524 XXVI.
