3734 5518
1001 683 1046 752 20
1183 676 1186 681 ,

460 884 576 954 lactus
609 885 663 952 sit.
700 883 737 950 Si
767 853 971 951 coniectura
1008 899 1085 949 mea
1119 880 1163 948 de
1192 886 1287 949 metu
1314 880 1431 950 Seiani
1453 881 1580 970 placet,

460 1008 573 1078 simile
604 1007 690 1098 quid
714 1008 747 1076 ei
770 1006 939 1076 accidisse
965 1004 1124 1073 videmus
1147 1013 1254 1094 atque
1278 1005 1449 1091 Ciceroni,
1474 1026 1581 1096 quem

460 1131 633 1201 bellorum
670 1131 828 1200 civilium
865 1130 985 1198 lurore
1020 1129 1099 1198 loro
1125 1129 1342 1218 prohibitum
1368 1130 1580 1199 audivimus.

460 1255 602 1335 Quanta
624 1255 764 1324 videtur
787 1253 895 1322 luisse
919 1262 1121 1343 temporum
1146 1253 1393 1322 dissimilitudo
1416 1253 1519 1324 nobis
1538 1274 1581 1322 ex

461 1378 653 1467 longinquo
667 1397 723 1446 res
736 1378 908 1446 maximas
920 1385 1059 1446 tautum
1072 1377 1371 1447 discernentibus!
1393 1377 1439 1446 At
1448 1385 1583 1468 quauta

461 1521 584 1570 revera
608 1503 793 1591 utriusque
818 1502 975 1590 privatae
1001 1502 1091 1570 vitae
1115 1501 1308 1571 similitudo
1331 1502 1417 1572 luit!

482 1625 559 1693 ·Ad
595 1625 660 1695 boc
691 1645 804 1713 usque
827 1633 969 1714 tempus
992 1625 1145 1694 Senecae
1172 1627 1242 1694 vita
1265 1625 1406 1694 fabulae
1430 1625 1582 1694 dilucide

462 1749 547 1818 satis
577 1755 684 1819 actae.
706 1757 822 1838 potest
845 1751 1009 1835 conferri,
1040 1752 1110 1820 iam
1136 1771 1218 1820 vero
1242 1750 1392 1820 densum
1416 1749 1580 1820 aulaeum

463 1873 609 1957 tollitur,
644 1875 772 1959 evenit,
800 1875 893 1963 quod
917 1876 953 1943 in
980 1877 1051 1944 vita
1074 1871 1250 1945 cutidiana
1273 1875 1347 1943 fere
1371 1895 1441 1943 non
1465 1878 1583 1943 atten-

464 1997 592 2082 dimus,
615 1997 652 2066 in
675 1998 797 2067 fabula
820 1999 958 2069 scenica
981 1999 1184 2088 probamus,
1207 2001 1243 2068 in
1265 1999 1410 2067 historia
1429 2017 1584 2085 conque-

464 2123 595 2191 rimur:
631 2124 715 2191 anni
746 2122 880 2211 aliquot
911 2124 1173 2211 praeterierunt
1201 2143 1283 2193 cum
1308 2128 1444 2192 actores
1467 2122 1583 2190 denuo

463 2247 501 2314 in
537 2246 673 2337 pulpita
707 2247 892 2336 prodeunt.
928 2247 1112 2350 Secundus
1141 2253 1261 2317 autem
1293 2252 1461 2317 actus-
1483 2245 1584 2314 uobis

466 2391 548 2439 vero
572 2372 719 2440 ultimus
744 2411 782 2420 —
808 2372 992 2440 Annaeani
1017 2372 1187 2440 dramatis
1209 2372 1277 2440 erit
1288 2370 1441 2439 exilium.
1467 2369 1584 2438 Pauca

465 2513 557 2582 quae
588 2494 689 2563 nobis
719 2501 803 2565 nota
838 2501 922 2563 sunt
952 2496 995 2564 de
1019 2495 1217 2576 intervallo,
1240 2494 1336 2584 quod
1358 2496 1452 2562 iuter
1475 2514 1585 2582 quae-

465 2624 602 2687 sturam
625 2624 661 2686 et
683 2619 827 2687 exilium
851 2619 1049 2704 intercedit,
1074 2620 1239 2689 hocloco
1263 2619 1486 2706 subiungam.

511 2741 602 2810 Ante
649 2763 680 2811 a.
722 2742 814 2831 371)
865 2765 1009 2813 uxorem
1047 2744 1154 2829 ducit,
1189 2764 1232 2812 ex
1266 2764 1338 2832 qua
1372 2743 1461 2811 duos
1495 2741 1587 2810 tollit

468 2865 615 2954 fi1i0s2).

512 2991 594 3061 Post
617 2993 727 3081 patris
752 3000 900 3062 mortem
926 2993 1032 3062 buius
1056 2993 1164 3060 vitam
1189 2992 1378 3062 conscribit
1401 2996 1437 3060 et
1456 2990 1587 3080 scripta

466 3115 571 3184 edere
593 3117 629 3184 in
654 3117 773 3185 auimo
798 3116 904 3186 babet
921 3119 960 3202 ³).

511 3239 630 3308 Gratis
653 3239 791 3329 publice
815 3241 941 3310 recitat
963 3247 999 3310 et
1021 3241 1197 3309 iuventuti
1222 3240 1322 3309 valde
1347 3239 1461 3329 placet
1478 3240 1519 3326 ⁴).

512 3363 552 3431 ln
576 3369 700 3433 senatu
725 3367 902 3435 orationes
926 3365 1041 3448 babet,
1061 3365 1230 3454 equibus
1252 3385 1324 3433 una
1347 3363 1434 3433 Gaio
1446 3361 1587 3432 Caesari

468 3494 604 3556 tautam
648 3497 765 3558 movet
803 3489 983 3575 invidiam,
1019 3496 1059 3558 ut
1092 3491 1257 3558 ultimum
1293 3487 1338 3557 de
1371 3509 1413 3557 eo
1447 3506 1588 3556 sumere

510 3827 542 3900 l)
563 3824 819 3904 Diopenbroclr
841 3844 869 3906 p.
890 3828 939 3888 13.

511 3940 542 4019 2)
563 3939 598 4000 ad
620 3939 655 4002 H.
678 3959 716 4002 m.
738 3943 802 4012 1.11;
825 3944 981 4003 18.1-7.

511 4059 541 4130 3)
561 4056 595 4116 ir.
618 4058 657 4116 98
677 4055 778 4117 Haase.
801 4057 965 4136 Numquam
987 4077 1018 4120 ea
1042 4058 1070 4120 in
1094 4059 1187 4120 lucem
1208 4057 1282 4120 edita
1304 4075 1376 4128 esse,
1394 4057 1589 4118 demonstrare

397 4181 402 4190 '
470 4170 619 4251 temptavit
640 4171 674 4232 Α.
695 4173 802 4234 Klotz
824 4172 853 4234 in
877 4174 978 4236 libain.
1001 4175 1074 4237 llus.
1098 4179 1135 4237 116
1157 4177 1261 4250 (1901)
1281 4193 1307 4253 p.
1331 4173 1500 4235 tau-lta.

511 4287 541 4364 1)
573 4286 638 4347 l'no.
662 4287 695 4347 Α.
718 4287 783 4348 11111
804 4291 853 4359 lt,
875 4289 996 4360 Quintil.
1019 4291 1043 4350 X
1065 4292 1164 4361 11111,
1184 4289 1302 4350 Sueton.
1314 4289 1373 4350 Cal.
1385 4287 1592 4366 5311191111]-

473 4400 584 4461 brock
607 4419 633 4480 p.
655 4403 783 4463 tt-lo.
