3792 5486
889 729 950 797 151

361 926 544 995 nominare
579 926 723 1008 solebat,
758 927 817 996 sed
855 949 977 997 verum
1012 930 1168 999 amicum
1199 950 1262 1018 per
1285 951 1345 998 eos
1368 951 1480 999 annos

363 1071 473 1120 unum
498 1052 699 1121 Atticum
723 1053 755 1120 ei
779 1052 898 1138 luisse,
922 1073 978 1122 res
1001 1056 1257 1124 estnotissima.
1282 1055 1478 1124 Hictamen

361 1177 393 1244 ei
428 1196 521 1245 unus
555 1183 632 1245 erat
661 1185 891 1268 prouentum
917 1179 1059 1248 milibus
1083 1179 1150 1265 (Cf.
1176 1180 1221 1248 ad
1245 1179 1317 1248 Att.
1343 1179 1373 1247 11
1397 1179 1479 1269 fal).

362 1301 562 1370 Amicitiam
586 1301 682 1371 illam
706 1302 824 1372 nullae
836 1323 951 1392 neque
964 1304 1125 1392 publicae
1138 1325 1254 1394 neque
1266 1304 1479 1374 domesticae

361 1425 605 1510 dissensiones,
630 1448 745 1517 neque
769 1449 908 1497 morum
934 1450 1048 1519 neque
1073 1429 1282 1499 facultatum
1295 1430 1480 1498 diversitas

361 1550 596 1637 conturbavit,
640 1552 738 1621 nulla
780 1554 1002 1644 vituperatio,
1046 1554 1143 1623 nulla
1166 1555 1270 1624 ollicii
1305 1555 1479 1624 recusatio

362 1697 533 1765 umquam
556 1676 791 1758 labefactavit,
815 1677 953 1747 nullum
977 1678 1155 1749 Ciceronis
1176 1679 1373 1769 periculum
1387 1677 1480 1746 Atti-

361 1823 454 1886 cum,
489 1803 652 1890 quamvis
686 1803 865 1872 securitati
889 1823 974 1872 suae
997 1804 1251 1884 consulentem,
1275 1823 1480 1894 permovere

364 1927 488 2016 potuit,
524 1931 563 1994 ut
596 1927 672 1995 eius
706 1929 909 1996 commercii
934 1929 1072 1997 vincula
1095 1929 1332 2019 abrumperet.
1358 1927 1481 2017 Neque

363 2049 506 2119 exilium
530 2071 573 2119 ea
598 2053 758 2120 mutavit.
784 2050 856 2120 lllis
879 2056 953 2121 suis
964 2054 1194 2143 temporibus
1207 2052 1336 2143 quibus
1348 2053 1480 2142 optime

363 2175 643 2244 benevolentiam
690 2176 874 2244 hominum
920 2183 956 2245 et
990 2176 1093 2246 fidem
1131 2178 1328 2268 perspicere
1365 2177 1480 2267 potuit

363 2299 424 2387 (of.
459 2299 505 2367 ad
535 2300 558 2368 1.
583 2300 792 2390 1111Ι60.1),
817 2301 937 2370 Cicero
962 2302 997 2369 in
1021 2301 1139 2371 Attico
1162 2302 1316 2371 officium
1340 2301 1479 2370 nullum

363 2424 583 2494 desideravit.
619 2425 783 2507 Pecunia,
818 2425 999 2508 auxilium,
1035 2427 1230 2511 consilium,
1263 2425 1480 2496 domicilium

363 2549 439 2616 eius
473 2549 632 2634 aderant,
667 2551 696 2618 si
731 2570 820 2639 opus
855 2557 949 2619 erat:
974 2550 1097 2634 „Quod
1121 2551 1307 2620 facultates
1330 2558 1410 2620 tuas
1434 2550 1478 2619 ad

363 2694 478 2742 meam
502 2674 652 2742 salutem
677 2675 862 2764 polliceris
888 2684 926 2744 ut
950 2675 1114 2744 omnibus
1137 2675 1243 2744 rebus
1260 2680 1481 2764 atepraeter

363 2805 498 2868 ceteros
531 2801 641 2885 iuver,
676 2800 711 2867 id
747 2807 920 2890 quantum
946 2801 991 2869 sit
1014 2800 1228 2889 praesidium
1254 2799 1352 2868 video
1375 2799 1480 2868 intel-

362 2923 511 3013 legoque
544 2932 579 2993 te
616 2925 745 2994 multas
771 2933 890 3015 partes
915 2945 1013 2994 meae
1037 2926 1161 2994 salutis
1183 2930 1220 2993 et
1243 2925 1420 3013 suscipere
1444 2929 1480 2992 et

363 3068 464 3138 posse
498 3050 672 3118 sustinere
707 3070 835 3139 neque,
871 3056 910 3118 ut
943 3050 992 3118 ita
1015 3049 1135 3133 iacias,
1159 3049 1356 3139 rogandum
1380 3051 1479 3118 esse”

362 3174 420 3258 (ad
444 3174 516 3242 litt.
540 3173 712 3260 1112112).
737 3175 789 3242 Tu
815 3195 881 3259 me,
906 3181 946 3243 31
957 3174 1054 3258 13313,
1068 3195 1185 3263 opera,
1198 3174 1353 3258 consilio,
1366 3175 1480 3262 gratia

362 3299 443 3367 iuva
478 3298 594 3386 (11.1).
630 3300 677 3368 111
711 3299 884 3368 relevares
920 3320 987 3384 me,
1022 3298 1116 3387 quod
1140 3298 1227 3367 lacis
1250 3299 1346 3386 (6.3).
1373 3299 1409 3367 Si
1435 3298 1477 3367 ad

363 3444 426 3492 nos
462 3425 609 3503 veneris,
644 3425 830 3493 consilium
854 3425 962 3492 totius
985 3425 1036 3492 rei
1061 3425 1244 3513 capiemus
1267 3423 1327 3509 (ib.
1352 3444 1406 3513 ep.
1430 3424 1479 3513 2).

362 3546 462 3627 Quod
498 3569 554 3616 me
588 3569 692 3639 rogas
726 3554 762 3618 31
786 3549 947 3629 hortaris,
972 3555 1011 3618 ut
1035 3549 1129 3639 apud
1153 3559 1187 3616 te
1211 3550 1246 3616 in
1273 3547 1378 3638 Epiro
1402 3548 1480 3628 sim,

362 3672 525 3742 voluntas
567 3680 628 3741 tua
672 3674 759 3742 mihi
793 3673 891 3742 valde
926 3680 1027 3762 grata
1061 3679 1113 3744 331
1148 3679 1185 3742 31
1211 3674 1355 3741 minime
1389 3693 1480 3741 nova

362 3796 524 3885 (7.l)....
561 3817 616 3864 me
653 3799 873 3887 potissimum
910 3798 981 3866 tuis
1015 3799 1117 3866 tectis
1154 3799 1335 3866 crederem
1360 3796 1479 3886 (15.7).

361 3919 528 3989 Familiae
562 3942 703 4011 quoque
739 3922 915 3992 Ciceronis
946 3921 1102 3990 subsidio
1125 3927 1212 4007 erat,
1237 3943 1345 4011 quam
1369 3927 1478 3991 totam

362 4046 393 4113 ei
427 4046 509 4115 exul
543 4047 864 4131 commendaverat,
896 4053 936 4115 ut
958 4051 1136 4115 testantur
1158 4047 1237 4126 loci,
1261 4066 1350 4134 quos
1373 4065 1482 4134 supra

362 4171 410 4258 (p.
446 4169 513 4238 115
545 4178 581 4240 31
618 4171 698 4261 119)
734 4171 930 4241 citavimus.
956 4171 1066 4238 Totus
1089 4171 1252 4261 denique,
1278 4171 1393 4260 quoad
1420 4191 1482 4260 per

362 4315 463 4363 suam
506 4316 527 4363 a
569 4298 640 4364 vita
682 4296 824 4386 publica
866 4295 1115 4364 abstinentiam
1158 4296 1297 4379 licebat,
1333 4303 1409 4364 erat
1443 4297 1479 4365 in

362 4419 492 4489 tuendo
527 4418 705 4504 Cicerone,
740 4421 812 4506 sed,
845 4427 884 4489 ut
906 4427 960 4489 est
983 4419 1124 4488 animus
1143 4419 1273 4489 doloris
1296 4441 1337 4490 ac
1362 4441 1481 4489 morae
