3734 5518
946 714 990 784 76

404 917 556 1007 spatium
584 916 714 984 versari
740 914 959 996 vetabantur,
983 913 1055 981 sive
1079 913 1136 997 (ut
1159 917 1274 980 aetate
1294 913 1523 1002 imperatoria

405 1059 471 1108 usu
496 1039 606 1126 venit)
630 1039 725 1128 regio
748 1038 935 1127 quaedam,
959 1057 1099 1127 semper
1122 1036 1195 1104 iere
1220 1036 1333 1105 insula
1353 1036 1523 1127 (Mayor

403 1164 447 1233 ad
483 1164 603 1233 quen.
634 1163 648 1231 l
684 1161 753 1252 73),
789 1161 978 1231 habitanda
1005 1161 1266 1249 designabatur.
1291 1161 1378 1230 Tota
1402 1169 1519 1232 autem

403 1309 535 1378 poenae
566 1287 700 1357 indoles
735 1288 875 1377 penitus
913 1292 1048 1355 munta
1082 1295 1170 1368 erat,
1204 1307 1287 1354 nam
1323 1305 1404 1355 cum
1437 1287 1519 1356 oiim

403 1413 442 1492 is,
470 1413 531 1501 qui
555 1432 574 1481 e
598 1413 739 1481 civitate
763 1412 967 1492 eiciebatur,
991 1413 1110 1480 omnia
1133 1411 1284 1481 civitatis
1308 1412 1386 1479 iura
1416 1412 1519 1479 amit·

401 1544 492 1606 teret
525 1575 570 1587 -
606 1537 765 1607 videlicet
798 1557 869 1606 non
903 1536 1056 1625 amplius
1085 1537 1180 1604 inter
1206 1537 1301 1604 vivos
1325 1535 1521 1604 habebatur

400 1701 445 1711 —
482 1662 552 1730 iam
585 1682 665 1732 cum
689 1660 793 1731 exilio
828 1682 899 1730 non
933 1661 1001 1729 nisi
1035 1661 1160 1750 capitis
1184 1660 1379 1729 deminutio
1406 1659 1520 1728 media

401 1787 590 1868 coniuncta
627 1793 713 1855 erat.
745 1785 880 1855 Revera
903 1785 1063 1855 Ciceroni
1086 1784 1350 1854 concedendum
1375 1790 1430 1852 est
1451 1784 1521 1852 iilis

400 1891 627 2001 temporibus
657 1912 800 1980 exilium
835 1910 1049 2001 supplicium
1085 1930 1156 1980 nun
1179 1910 1287 1978 fuisse
1311 1909 1371 1977 sed
1400 1909 1520 1998 periu-

398 2037 495 2126 gium
538 2042 751 2125 portumque
794 2035 954 2125 supplicii
999 2036 1079 2124 (pro
1124 2035 1225 2104 anc.
1264 2056 1293 2105 e.
1328 2033 1399 2121 34),
1436 2041 1522 2102 nam

398 2162 460 2250 qui
505 2159 620 2231 locum
668 2159 854 2231 mutabant
899 2161 1021 2250 itaque
1071 2161 1248 2228 civitatem
1296 2157 1516 2240 amittebant,

399 2286 440 2356 iis
474 2305 589 2376 neque
627 2287 715 2355 vitae
752 2306 866 2375 neque
895 2285 1066 2354 bonorum
1093 2283 1289 2374 periculum
1313 2283 1517 2352 adeundum

397 2416 492 2494 erat;
515 2412 597 2480 iicet
618 2412 724 2480 etiam
748 2431 810 2480 reo
833 2411 869 2478 in
894 2409 1037 2478 exitium
1063 2409 1221 2498 proiecto
1244 2428 1352 2478 causa
1372 2427 1517 2498 perage-

398 2539 498 2602 retur
521 2541 557 2603 et
579 2554 692 2624 poena
715 2535 1016 2623 pronuntiaretur,
1036 2533 1126 2603 levia
1139 2534 1226 2604 baec
1238 2533 1367 2602 ducere
1379 2532 1517 2612 licebat,

399 2659 482 2746 quia
514 2657 649 2748 legibus
680 2658 847 2729 Romanis
870 2660 904 2726 in
932 2659 1108 2727 bominem
1134 2680 1204 2729 non
1229 2659 1381 2747 amplius
1404 2659 1515 2728 civem

399 2781 596 2850 Romamm
640 2783 736 2852 nulla
784 2784 834 2852 vis
867 2790 953 2853 erat.
1001 2783 1145 2852 Praeter
1176 2782 1241 2852 boc
1277 2784 1515 2852 voluntarium

397 2905 592 2995 legitimum
627 2929 768 2998 quoque
803 2913 880 2976 erat
901 2906 1045 2977 exilium
1068 2946 1113 2956 —
1135 2928 1229 2997 aqua
1252 2913 1288 2976 et
1310 2908 1383 2995 igni
1406 2908 1516 2975 inter-

397 3030 503 3100 dictio
538 3070 582 3082 -
615 3033 717 3101 cuius
750 3033 974 3102 incommoda
1008 3051 1131 3100 revera
1152 3033 1285 3101 maiora
1309 3052 1378 3101 non
1402 3038 1514 3101 erant.

397 3154 533 3236 Quibus
556 3157 606 3225 ita
628 3157 857 3227 interdictum
880 3163 967 3236 erat,
991 3158 1016 3225 ii
1038 3158 1132 3225 intra
1152 3157 1240 3226 tines
1262 3177 1384 3225 earum
1402 3158 1516 3245 regio-

398 3300 495 3363 num,
519 3301 672 3370 quarum
695 3282 829 3351 incolae
853 3283 946 3351 cives
969 3281 1118 3351 Romani
1148 3290 1260 3367 erant,
1284 3303 1305 3350 a
1327 3281 1425 3350 nulio
1448 3300 1516 3362 res,

396 3424 488 3494 quae
514 3407 664 3474 maxime
687 3407 731 3475 ad
758 3407 864 3475 vitam
888 3407 1155 3476 sustentandam
1180 3407 1397 3476 necessariae
1421 3412 1515 3486 sunt,

396 3530 556 3618 accipere
580 3536 752 3619 poterant,
777 3531 854 3599 aliis
869 3551 950 3600 vero
962 3531 1101 3620 imperii
1113 3530 1235 3600 incolis
1249 3531 1514 3619 peregrinorum

397 3673 546 3724 numero
579 3661 690 3724 erant.
741 3653 953 3723 voluntariis
986 3663 1105 3754 autem
1130 3632 1292 3724 exulibus
1314 3655 1436 3724 eadem
1461 3655 1514 3723 ie·

396 3798 436 3847 re
483 3780 573 3848 vitae
618 3779 709 3848 ratio
754 3785 841 3858 erat,
887 3800 970 3849 nam
1019 3779 1072 3848 vei
1118 3781 1241 3849 mortis
1287 3780 1340 3848 vel
1382 3779 1514 3848 multae

396 3923 582 3994 supremae
624 3903 811 3987 damnatis,
853 3905 881 3972 si
916 3924 973 3974 res
1006 3911 1196 3994 spectatur,
1234 3905 1368 3974 reditus
1401 3924 1514 3994 aeque

397 4034 504 4116 atque
538 4027 614 4116 lege
656 4049 676 4096 e
711 4028 851 4097 civitate
886 4029 1006 4099 eiectis
1040 4029 1253 4100 interclusus
1286 4037 1371 4099 erat.
1418 4029 1515 4111 Quos

396 4149 582 4240 plerosque
617 4153 725 4221 vitam
759 4158 795 4220 et
824 4155 1010 4242 pecuniam
1034 4155 1169 4244 patriae
1193 4155 1374 4244 praeferre
1394 4154 1515 4224 solitos

396 4293 471 4344 esse
494 4274 566 4344 iam
589 4296 698 4366 supra
721 4277 890 4367 exemplis
912 4277 1107 4347 docuimus.
1133 4279 1301 4368 Sequitur
1323 4280 1430 4348 etiam
1465 4279 1515 4346 le·

396 4398 517 4489 gitime
540 4399 695 4489 expulsis
718 4420 789 4469 non
813 4400 961 4470 nimium
986 4403 1138 4472 civitatis
1160 4405 1310 4474 amissae
1333 4403 1441 4474 ruisse
1454 4403 1516 4472 de·
