3792 5486
879 733 923 801 87

343 933 525 1013 venissem,
548 931 685 1000 concidi
708 949 830 1019 paene,
854 950 934 999 cum
960 950 1002 998 ex
1027 931 1239 1020 mequidam
1253 933 1457 1021 quaesisset,

340 1076 410 1146 quo
444 1057 500 1124 die
534 1056 646 1125 Roma
679 1057 828 1124 exissem
863 1063 899 1123 et
933 1054 1215 1144 numquidnam
1240 1056 1456 1126 essetnovi!

341 1180 405 1250 Gui
428 1201 510 1250 cum
535 1180 792 1270 respondissem
820 1200 874 1248 me
898 1199 917 1247 e
939 1180 1118 1268 provincia
1129 1179 1316 1249 decedere:
1330 1180 1455 1268 ,Etiam

342 1305 542 1375 mehercule
552 1305 570 1374 l’
594 1305 721 1394 inquit,
746 1311 796 1392 ,ut
820 1304 955 1392 opinor,
978 1324 1020 1371 ex
1045 1304 1186 1374 Africa’.
1210 1304 1299 1375 Huic
1310 1325 1374 1393 ego
1387 1305 1456 1372 iem

340 1430 565 1498 stomachans
614 1429 810 1497 fastidiose:
858 1426 981 1514 ,lmmo
1027 1448 1069 1496 ex
1115 1427 1253 1512 Sicilie’,
1300 1429 1458 1518 iuquam.

341 1553 430 1621 'lum
474 1555 631 1644 quidam,
670 1554 772 1643 quasi
813 1554 875 1641 qui
919 1553 1038 1621 omnia
1079 1553 1203 1622 sciret:
1247 1551 1374 1640 ,Quidt
1418 1560 1456 1621 tu

340 1679 475 1760 nescis’,
517 1678 643 1767 inquit,
688 1678 794 1767 ,bunc
837 1683 1060 1766 quaestorem
1096 1677 1280 1766 Syracusis
1316 1677 1457 1744 fuisset'

341 1800 431 1882 Quid
458 1802 593 1871 multai
617 1802 733 1871 destiti
759 1802 973 1870 stomachari
995 1807 1031 1869 et
1055 1820 1110 1868 me
1136 1822 1246 1869 unum
1271 1800 1459 1884 exiisleci,

341 1928 401 2016 qui
437 1927 481 1995 ad
513 1947 626 2016 aquas
652 1926 867 1994 venissent!”
892 1923 969 2005 Quo
992 1945 1077 1994 casu
1100 1924 1231 2006 didicit,
1256 1927 1285 1993 si
1309 1924 1456 1994 Romam

341 2051 395 2119 sui
431 2051 631 2120 meminisse
667 2050 780 2135 vellet,
815 2049 881 2118 sibi
915 2051 950 2117 in
979 2051 1092 2120 oculis
1116 2049 1345 2118 habitandum
1370 2069 1456 2117 esse.

342 2174 394 2243 lta
417 2176 651 2245 clarissimum
677 2175 819 2264 quidem
844 2194 880 2243 se
916 2174 1078 2258 reddidit,
1102 2174 1162 2242 sed
1189 2175 1295 2242 vitam
1316 2194 1456 2243 omnem

342 2301 376 2367 in
412 2301 560 2389 strepitu
597 2301 663 2369 fori
699 2318 818 2388 agens,
850 2301 926 2368 eius
949 2319 1069 2367 amore
1093 2299 1180 2367 adeo
1204 2298 1372 2367 astrictus
1395 2303 1460 2378 est,

342 2432 382 2492 ut
411 2444 453 2492 eo
483 2443 605 2493 carere
637 2430 757 2512 postea
780 2424 924 2492 omnino
948 2445 1017 2492 non
1043 2429 1159 2513 posset
1182 2422 1250 2510 (cf.
1277 2444 1309 2512 p.
1335 2422 1356 2489 7
1379 2425 1460 2512 sq.).

343 2547 498 2633 Etiamsi,
534 2547 640 2617 rebus
670 2549 743 2616 suis
768 2548 858 2616 male
882 2546 1098 2631 cedentibus,
1122 2546 1197 2615 ruri
1221 2546 1460 2636 philosophari

342 2691 379 2740 se
414 2673 518 2741 malle
554 2673 790 2762 profiteretur,
825 2673 926 2763 pauci
957 2672 1032 2741 dies
1055 2671 1229 2740 interiecti
1252 2671 1355 2760 plane
1378 2692 1461 2740 eum

344 2796 539 2866 mutabant.
576 2797 632 2866 Sic
668 2819 761 2866 anno
788 2797 833 2866 59
855 2818 936 2866 cum
961 2797 1103 2867 Clodius
1127 2797 1354 2864 vehementer
1378 2817 1460 2864 eum

343 2930 494 3009 urgeret,
531 2921 737 3006 „bominum
773 2923 955 2990 satietate”
991 2921 1051 3009 (ad
1077 2920 1149 2988 Att.
1173 2919 1203 2987 Il
1231 2918 1302 3007 sl)
1328 2928 1462 2989 motus:

342 3045 427 3113 nibil
453 3046 523 3113 iam
548 3047 591 3114 dc
615 3047 797 3136 republica
819 3047 949 3133 cogitat
961 3043 1055 3130 (lali),
1076 3045 1162 3112 haec
1174 3043 1272 3132 cupit
1284 3044 1459 3132 deponere

342 3177 378 3237 et
410 3176 484 3238 toto
518 3171 636 3239 animo
671 3178 778 3260 atque
814 3170 911 3239 omni
946 3190 1033 3238 cure
1068 3166 1259 3249 φιλοσοφεῖν
1295 3168 1390 3258 (5.2),
1425 3169 1461 3236 in

344 3293 478 3362 Antiati
502 3315 566 3362 suo
590 3295 688 3363 libris
712 3315 748 3362 se
773 3294 925 3363 delectat
948 3302 1011 3362 eut
1034 3295 1163 3364 lluctus
1186 3301 1351 3363 numerat
1363 3292 1462 3381 (6.1),

344 3419 413 3486 iam
438 3418 573 3507 pridem
597 3418 796 3507 gubernare
820 3441 901 3488 cum
915 3415 1089 3505 taedebat,
1102 3421 1208 3488 etiem
1223 3439 1304 3489 cum
1318 3418 1463 3502 licebat3

344 3563 439 3612 nuno
464 3563 546 3612 vero
569 3565 650 3612 cum
676 3552 824 3633 cogatur
845 3545 940 3611 exire
965 3544 1123 3626 denari,
1148 3564 1219 3612 non
1247 3541 1463 3611 abiectissed

344 3668 474 3756 ereptis
507 3669 767 3756 gubernaculis,
800 3670 898 3759 cupit
920 3669 1070 3736 istorum
1094 3667 1280 3756 naufragia
1303 3687 1346 3734 ex
1369 3673 1465 3735 terra

344 3793 474 3861 intueri
495 3791 591 3880 (7.4),
614 3793 701 3861 nibil
726 3813 762 3861 se
785 3802 838 3862 est
860 3794 1010 3862 inertius
1034 3792 1131 3880 (8.1),
1156 3790 1403 3881 philosophum
1428 3811 1465 3860 se

346 3919 499 4008 appellat
532 3918 640 4006 (lac)
672 3924 707 3985 ct
731 3939 843 4007 usque
866 3939 907 3988 eo
931 3925 984 3987 est
1006 3923 1206 3992 enervatus,
1231 3923 1271 3983 ut
1296 3917 1360 3984 boc
1383 3916 1465 3999 otio,

346 4063 415 4130 quo
439 4064 535 4112 nunc
559 4043 744 4113 tabescunt
770 4044 939 4126 homines,
955 4042 1342 4125 malitae'vrvooemroooea
1356 4061 1465 4131 quam

346 4187 427 4235 cum
465 4169 598 4257 optima
628 4189 689 4257 spe
714 4169 881 4238 dimicare
906 4168 1026 4258 (lust).
1053 4169 1100 4236 At
1126 4169 1218 4237 idem
1243 4167 1302 4236 ille
1327 4167 1466 4256 sapiens

346 4293 471 4380 quavis
492 4291 644 4381 epistula
667 4294 820 4362 amicum
846 4293 1064 4372 adhortatur,
1090 4293 1184 4361 utde
1199 4293 1304 4361 rebus
1319 4291 1468 4382 publicis

346 4437 454 4506 quam
492 4417 646 4506 primum
669 4438 706 4486 se
729 4421 915 4486 certiorem
940 4418 1048 4486 faciut
1073 4419 1166 4485 etin
1192 4417 1379 4486 Formiano
1401 4437 1465 4484 suo
