<?xml version="1.0" encoding="UTF-8"?>
<!DOCTYPE html PUBLIC "-//W3C//DTD XHTML 1.0 Transitional//EN"
    "http://www.w3.org/TR/xhtml1/DTD/xhtml1-transitional.dtd">
<html xmlns="http://www.w3.org/1999/xhtml" xml:lang="en" lang="en">
 <head>
  <title>
</title>
<meta http-equiv="Content-Type" content="text/html;charset=utf-8" />
  <meta name='ocr-system' content='tesseract 3.04.00' />
  <meta name='ocr-capabilities' content='ocr_page ocr_carea ocr_par ocr_line ocrx_word'/>
</head>
<body>
  <div class='ocr_page' id='page_1' title='image "./exulumtriassive00leopgoog_0223.png"; bbox 0 0 3778 5488; ppageno 0'>
   <div class='ocr_carea' id='block_1_1' title="bbox 968 745 1036 814">
    <p class='ocr_par' dir='ltr' id='par_1_1' title="bbox 968 745 1036 814">
     <span class='ocr_line' id='line_1_1' title="bbox 968 745 1036 814; baseline 0.029 -2"><span class='ocrx_word' id='word_1_1' title='bbox 968 745 1036 814; x_wconf 65' lang='lat'>240</span> 
     </span>
    </p>
   </div>
   <div class='ocr_carea' id='block_1_2' title="bbox 496 942 1268 1140">
    <p class='ocr_par' dir='ltr' id='par_1_2' title="bbox 496 942 1268 1140">
     <span class='ocr_line' id='line_1_2' title="bbox 496 942 1268 1021; baseline -0.006 -16"><span class='ocrx_word' id='word_1_2' title='bbox 496 945 588 1005; x_wconf 79' lang='lat' dir='ltr'>(iuius</span> <span class='ocrx_word' id='word_1_3' title='bbox 608 945 640 1002; x_wconf 94' lang='lat' dir='ltr'>in</span> <span class='ocrx_word' id='word_1_4' title='bbox 661 949 772 1003; x_wconf 84' lang='lat' dir='ltr'>esentn</span> <span class='ocrx_word' id='word_1_5' title='bbox 795 961 908 1021; x_wconf 88' lang='lat' dir='ltr'>peense</span> <span class='ocrx_word' id='word_1_6' title='bbox 928 942 1087 1003; x_wconf 75' lang='lat' dir='ltr'>elementis</span> <span class='ocrx_word' id='word_1_7' title='bbox 1109 947 1193 1002; x_wconf 77' lang='lat' dir='ltr'>isnin</span> <span class='ocrx_word' id='word_1_8' title='bbox 1214 943 1268 1018; x_wconf 77' lang='lat' dir='ltr'>esi,</span> 
     </span>
     <span class='ocr_line' id='line_1_3' title="bbox 536 1058 1138 1140; baseline -0.002 -22"><span class='ocrx_word' id='word_1_9' title='bbox 536 1060 661 1120; x_wconf 77' lang='lat' dir='ltr'><strong>Venerit</strong></span> <span class='ocrx_word' id='word_1_10' title='bbox 682 1066 715 1119; x_wconf 90' lang='lat' dir='ltr'>nt</span> <span class='ocrx_word' id='word_1_11' title='bbox 736 1066 837 1118; x_wconf 82' lang='lat' dir='ltr'>nestro</span> <span class='ocrx_word' id='word_1_12' title='bbox 857 1058 954 1140; x_wconf 80' lang='lat' dir='ltr'>ienicr</span> <span class='ocrx_word' id='word_1_13' title='bbox 973 1058 1026 1117; x_wconf 85' lang='lat' dir='ltr'>iile</span> <span class='ocrx_word' id='word_1_14' title='bbox 1047 1063 1138 1117; x_wconf 82' lang='lat' dir='ltr'>metu.</span> 
     </span>
    </p>
   </div>
   <div class='ocr_carea' id='block_1_3' title="bbox 494 1172 1518 1369">
    <p class='ocr_par' dir='ltr' id='par_1_3' title="bbox 494 1172 1518 1369">
     <span class='ocr_line' id='line_1_4' title="bbox 1101 1172 1518 1264; baseline 0 -32"><span class='ocrx_word' id='word_1_15' title='bbox 1101 1255 1104 1264; x_wconf 89' lang='lat'>.</span> <span class='ocrx_word' id='word_1_16' title='bbox 1304 1172 1357 1250; x_wconf 81' lang='lat' dir='ltr'>(ib.</span> <span class='ocrx_word' id='word_1_17' title='bbox 1382 1173 1437 1232; x_wconf 84' lang='lat'>125</span> <span class='ocrx_word' id='word_1_18' title='bbox 1459 1174 1518 1252; x_wconf 90' lang='lat' dir='ltr'>sq.)</span> 
     </span>
     <span class='ocr_line' id='line_1_5' title="bbox 494 1289 1290 1369; baseline -0.003 -19"><span class='ocrx_word' id='word_1_19' title='bbox 494 1291 586 1350; x_wconf 85' lang='lat' dir='ltr'>Nniis</span> <span class='ocrx_word' id='word_1_20' title='bbox 606 1291 727 1369; x_wconf 85' lang='lat' dir='ltr'>quidem</span> <span class='ocrx_word' id='word_1_21' title='bbox 748 1309 821 1351; x_wconf 88' lang='lat' dir='ltr'>ssnc</span> <span class='ocrx_word' id='word_1_22' title='bbox 842 1290 964 1368; x_wconf 75' lang='lat' dir='ltr'>gravier</span> <span class='ocrx_word' id='word_1_23' title='bbox 987 1290 1155 1368; x_wconf 86' lang='lat' dir='ltr'>mentisque</span> <span class='ocrx_word' id='word_1_24' title='bbox 1175 1289 1290 1367; x_wconf 76' lang='lat' dir='ltr'>petenti</span> 
     </span>
    </p>
   </div>
   <div class='ocr_carea' id='block_1_4' title="bbox 493 1405 1537 2174">
    <p class='ocr_par' dir='ltr' id='par_1_4' title="bbox 493 1405 1537 2174">
     <span class='ocr_line' id='line_1_6' title="bbox 534 1405 1230 1484; baseline -0.003 -18"><span class='ocrx_word' id='word_1_25' title='bbox 534 1407 636 1466; x_wconf 85' lang='lat' dir='ltr'>Peene</span> <span class='ocrx_word' id='word_1_26' title='bbox 655 1413 710 1484; x_wconf 83' lang='lat' dir='ltr'>est,</span> <span class='ocrx_word' id='word_1_27' title='bbox 731 1425 821 1484; x_wconf 83' lang='lat' dir='ltr'>quem</span> <span class='ocrx_word' id='word_1_28' title='bbox 844 1411 928 1466; x_wconf 81' lang='lat' dir='ltr'>tento</span> <span class='ocrx_word' id='word_1_29' title='bbox 950 1406 1135 1484; x_wconf 70' lang='lat' dir='ltr'>displicuisse</span> <span class='ocrx_word' id='word_1_30' title='bbox 1158 1405 1230 1464; x_wconf 82' lang='lat' dir='ltr'>viro.</span> 
     </span>
     <span class='ocr_line' id='line_1_7' title="bbox 1307 1521 1518 1599; baseline 0.005 -20"><span class='ocrx_word' id='word_1_31' title='bbox 1307 1521 1357 1599; x_wconf 89' lang='lat' dir='ltr'>(ib.</span> <span class='ocrx_word' id='word_1_32' title='bbox 1382 1522 1438 1579; x_wconf 82' lang='grc'>139</span> <span class='ocrx_word' id='word_1_33' title='bbox 1461 1523 1518 1598; x_wconf 70' lang='lat' dir='ltr'>sq.)</span> 
     </span>
     <span class='ocr_line' id='line_1_8' title="bbox 495 1636 1537 1711; baseline -0.002 -15"><span class='ocrx_word' id='word_1_34' title='bbox 495 1638 557 1698; x_wconf 85' lang='lat' dir='ltr'>Nec</span> <span class='ocrx_word' id='word_1_35' title='bbox 577 1645 678 1699; x_wconf 82' lang='lat' dir='ltr'>temen</span> <span class='ocrx_word' id='word_1_36' title='bbox 699 1637 829 1697; x_wconf 78' lang='lat' dir='ltr'>officinm</span> <span class='ocrx_word' id='word_1_37' title='bbox 852 1645 953 1697; x_wconf 85' lang='lat' dir='ltr'>nestro</span> <span class='ocrx_word' id='word_1_38' title='bbox 975 1638 1029 1697; x_wconf 80' lang='lat' dir='ltr'>tibi</span> <span class='ocrx_word' id='word_1_39' title='bbox 1051 1636 1246 1711; x_wconf 86' lang='lat' dir='ltr'>(Messsliine)</span> <span class='ocrx_word' id='word_1_40' title='bbox 1268 1637 1537 1710; x_wconf 60' lang='lat' dir='ltr'>numinensium,</span> 
     </span>
     <span class='ocr_line' id='line_1_9' title="bbox 534 1754 1194 1832; baseline 0.003 -20"><span class='ocrx_word' id='word_1_41' title='bbox 534 1754 673 1832; x_wconf 73' lang='lat' dir='ltr'>Principe</span> <span class='ocrx_word' id='word_1_42' title='bbox 693 1758 754 1812; x_wconf 80' lang='lat' dir='ltr'>tem</span> <span class='ocrx_word' id='word_1_43' title='bbox 775 1754 853 1812; x_wconf 85' lang='lat' dir='ltr'>insto</span> <span class='ocrx_word' id='word_1_44' title='bbox 875 1771 959 1831; x_wconf 89' lang='lat' dir='ltr'>pesse</span> <span class='ocrx_word' id='word_1_45' title='bbox 980 1770 1087 1812; x_wconf 86' lang='lat' dir='ltr'>necere</span> <span class='ocrx_word' id='word_1_46' title='bbox 1114 1758 1194 1831; x_wconf 84' lang='lat' dir='ltr'>puto.</span> 
     </span>
     <span class='ocr_line' id='line_1_10' title="bbox 493 1867 1415 1947; baseline 0 -21"><span class='ocrx_word' id='word_1_47' title='bbox 493 1869 560 1946; x_wconf 90' lang='lat' dir='ltr'>Ipse</span> <span class='ocrx_word' id='word_1_48' title='bbox 581 1875 666 1947; x_wconf 81' lang='lat' dir='ltr'>peter</span> <span class='ocrx_word' id='word_1_49' title='bbox 685 1871 799 1947; x_wconf 76' lang='lat' dir='ltr'>peti-ise</span> <span class='ocrx_word' id='word_1_50' title='bbox 823 1903 860 1914; x_wconf 93' lang='lat'><em>-</em></span> <span class='ocrx_word' id='word_1_51' title='bbox 881 1869 953 1946; x_wconf 89' lang='lat' dir='ltr'>qnid</span> <span class='ocrx_word' id='word_1_52' title='bbox 975 1870 1054 1928; x_wconf 87' lang='lat' dir='ltr'>enim</span> <span class='ocrx_word' id='word_1_53' title='bbox 1077 1874 1122 1929; x_wconf 80' lang='lat' dir='ltr'>esi</span> <span class='ocrx_word' id='word_1_54' title='bbox 1143 1869 1262 1929; x_wconf 81' lang='lat' dir='ltr'>civilius</span> <span class='ocrx_word' id='word_1_55' title='bbox 1283 1867 1356 1927; x_wconf 82' lang='lat' dir='ltr'>illei</span> <span class='ocrx_word' id='word_1_56' title='bbox 1381 1901 1415 1909; x_wconf 92' lang='lat'><em>-</em></span> 
     </span>
     <span class='ocr_line' id='line_1_11' title="bbox 532 1984 1195 2063; baseline 0 -20"><span class='ocrx_word' id='word_1_57' title='bbox 532 1984 665 2045; x_wconf 77' lang='lat' dir='ltr'>Sustinet</span> <span class='ocrx_word' id='word_1_58' title='bbox 686 1985 716 2044; x_wconf 93' lang='lat' dir='ltr'>in</span> <span class='ocrx_word' id='word_1_59' title='bbox 740 1991 842 2044; x_wconf 82' lang='lat' dir='ltr'>nostre</span> <span class='ocrx_word' id='word_1_60' title='bbox 863 1986 994 2045; x_wconf 78' lang='lat' dir='ltr'>carmine</span> <span class='ocrx_word' id='word_1_61' title='bbox 1015 2002 1103 2063; x_wconf 86' lang='lat' dir='ltr'>ssepe</span> <span class='ocrx_word' id='word_1_62' title='bbox 1125 1985 1195 2062; x_wconf 82' lang='lat' dir='ltr'>legi.</span> 
     </span>
     <span class='ocr_line' id='line_1_12' title="bbox 1206 2097 1517 2174; baseline -0.013 -16"><span class='ocrx_word' id='word_1_63' title='bbox 1206 2101 1268 2173; x_wconf 84' lang='lat' dir='ltr'>(Tr.</span> <span class='ocrx_word' id='word_1_64' title='bbox 1290 2099 1334 2157; x_wconf 84' lang='lat' dir='ltr'>lv</span> <span class='ocrx_word' id='word_1_65' title='bbox 1356 2097 1517 2174; x_wconf 61' lang='lat' dir='ltr'>cll-14)</span> 
     </span>
    </p>
   </div>
   <div class='ocr_carea' id='block_1_5' title="bbox 493 2215 1517 2385">
    <p class='ocr_par' dir='ltr' id='par_1_5' title="bbox 493 2215 1517 2385">
     <span class='ocr_line' id='line_1_13' title="bbox 493 2215 1125 2294; baseline 0.006 -21"><span class='ocrx_word' id='word_1_66' title='bbox 493 2215 672 2293; x_wconf 82' lang='lat' dir='ltr'>Qnsntsqne</span> <span class='ocrx_word' id='word_1_67' title='bbox 692 2218 724 2275; x_wconf 90' lang='lat' dir='ltr'>in</span> <span class='ocrx_word' id='word_1_68' title='bbox 746 2217 885 2294; x_wconf 75' lang='lat' dir='ltr'>Anguste</span> <span class='ocrx_word' id='word_1_69' title='bbox 906 2217 1125 2277; x_wconf 87' lang='lat' dir='ltr'>clementis...</span> 
     </span>
     <span class='ocr_line' id='line_1_14' title="bbox 1391 2311 1517 2385; baseline 0.008 -15"><span class='ocrx_word' id='word_1_70' title='bbox 1391 2311 1443 2385; x_wconf 86' lang='lat' dir='ltr'>(ib.</span> <span class='ocrx_word' id='word_1_71' title='bbox 1466 2311 1517 2384; x_wconf 86' lang='grc'>53)</span> 
     </span>
    </p>
   </div>
   <div class='ocr_carea' id='block_1_6' title="bbox 492 2428 1514 2962">
    <p class='ocr_par' dir='ltr' id='par_1_6' title="bbox 492 2428 1514 2962">
     <span class='ocr_line' id='line_1_15' title="bbox 493 2428 1196 2508; baseline 0.006 -22"><span class='ocrx_word' id='word_1_72' title='bbox 493 2428 572 2506; x_wconf 74' lang='lat' dir='ltr'><strong>Ergo</strong></span> <span class='ocrx_word' id='word_1_73' title='bbox 595 2429 679 2489; x_wconf 85' lang='lat' dir='ltr'>iilum</span> <span class='ocrx_word' id='word_1_74' title='bbox 702 2429 823 2489; x_wconf 84' lang='lat' dir='ltr'>demens</span> <span class='ocrx_word' id='word_1_75' title='bbox 844 2429 875 2488; x_wconf 93' lang='lat' dir='ltr'>in</span> <span class='ocrx_word' id='word_1_76' title='bbox 899 2448 945 2488; x_wconf 80' lang='lat' dir='ltr'>nse</span> <span class='ocrx_word' id='word_1_77' title='bbox 967 2430 1083 2489; x_wconf 82' lang='lat' dir='ltr'>ssesire</span> <span class='ocrx_word' id='word_1_78' title='bbox 1103 2431 1196 2508; x_wconf 75' lang='lat' dir='ltr'>coegi,</span> 
     </span>
     <span class='ocr_line' id='line_1_16' title="bbox 531 2544 1225 2622; baseline 0.001 -20"><span class='ocrx_word' id='word_1_79' title='bbox 531 2545 634 2604; x_wconf 76' lang='lat' dir='ltr'>Mitius</span> <span class='ocrx_word' id='word_1_80' title='bbox 655 2545 809 2604; x_wconf 80' lang='lat' dir='ltr'>inmenens</span> <span class='ocrx_word' id='word_1_81' title='bbox 831 2563 891 2622; x_wconf 88' lang='lat' dir='ltr'>qno</span> <span class='ocrx_word' id='word_1_82' title='bbox 912 2545 987 2604; x_wconf 89' lang='lat' dir='ltr'>nihii</span> <span class='ocrx_word' id='word_1_83' title='bbox 1010 2545 1091 2604; x_wconf 88' lang='lat' dir='ltr'>erbis</span> <span class='ocrx_word' id='word_1_84' title='bbox 1113 2544 1225 2604; x_wconf 80' lang='lat' dir='ltr'>hebeti</span> 
     </span>
     <span class='ocr_line' id='line_1_17' title="bbox 492 2659 1233 2738; baseline 0 -20"><span class='ocrx_word' id='word_1_85' title='bbox 492 2661 620 2738; x_wconf 89' lang='lat' dir='ltr'>Ipssqne</span> <span class='ocrx_word' id='word_1_86' title='bbox 641 2659 757 2719; x_wconf 81' lang='lat' dir='ltr'>delictis</span> <span class='ocrx_word' id='word_1_87' title='bbox 780 2661 857 2719; x_wconf 82' lang='lat' dir='ltr'>sicin</span> <span class='ocrx_word' id='word_1_88' title='bbox 878 2666 923 2720; x_wconf 85' lang='lat' dir='ltr'>esi</span> <span class='ocrx_word' id='word_1_89' title='bbox 944 2660 1102 2719; x_wconf 83' lang='lat' dir='ltr'>clementis</span> <span class='ocrx_word' id='word_1_90' title='bbox 1124 2660 1233 2720; x_wconf 77' lang='lat' dir='ltr'>nestris</span> 
     </span>
     <span class='ocr_line' id='line_1_18' title="bbox 531 2775 1222 2852; baseline -0.001 -19"><span class='ocrx_word' id='word_1_91' title='bbox 531 2776 593 2834; x_wconf 84' lang='lat' dir='ltr'>Nec</span> <span class='ocrx_word' id='word_1_92' title='bbox 614 2780 713 2834; x_wconf 85' lang='lat' dir='ltr'>tsmen</span> <span class='ocrx_word' id='word_1_93' title='bbox 737 2775 831 2834; x_wconf 85' lang='lat' dir='ltr'>errori</span> <span class='ocrx_word' id='word_1_94' title='bbox 854 2776 916 2834; x_wconf 78' lang='lat' dir='ltr'>viis</span> <span class='ocrx_word' id='word_1_95' title='bbox 937 2781 1048 2852; x_wconf 77' lang='lat' dir='ltr'>negate</span> <span class='ocrx_word' id='word_1_96' title='bbox 1070 2793 1135 2834; x_wconf 88' lang='lat' dir='ltr'>mec</span> <span class='ocrx_word' id='word_1_97' title='bbox 1156 2775 1222 2834; x_wconf 78' lang='lat' dir='ltr'>esti</span> 
     </span>
     <span class='ocr_line' id='line_1_19' title="bbox 1200 2889 1514 2962; baseline -0.01 -13"><span class='ocrx_word' id='word_1_98' title='bbox 1200 2891 1262 2962; x_wconf 80' lang='lat' dir='ltr'><strong>(Tr.</strong></span> <span class='ocrx_word' id='word_1_99' title='bbox 1285 2889 1329 2949; x_wconf 89' lang='lat' dir='ltr'>IV</span> <span class='ocrx_word' id='word_1_100' title='bbox 1351 2889 1514 2961; x_wconf 72' lang='lat' dir='ltr'>sei-40)</span> 
     </span>
    </p>
   </div>
   <div class='ocr_carea' id='block_1_7' title="bbox 529 3006 1513 3194">
    <p class='ocr_par' dir='ltr' id='par_1_7' title="bbox 529 3006 1513 3194">
     <span class='ocr_line' id='line_1_20' title="bbox 529 3006 1159 3085; baseline 0.002 -21"><span class='ocrx_word' id='word_1_101' title='bbox 529 3007 623 3085; x_wconf 86' lang='lat' dir='ltr'>Ssepe</span> <span class='ocrx_word' id='word_1_102' title='bbox 643 3025 697 3066; x_wconf 88' lang='lat' dir='ltr'>sne</span> <span class='ocrx_word' id='word_1_103' title='bbox 719 3007 813 3067; x_wconf 78' lang='lat' dir='ltr'>victer</span> <span class='ocrx_word' id='word_1_104' title='bbox 834 3007 911 3066; x_wconf 91' lang='lat' dir='ltr'>lenis</span> <span class='ocrx_word' id='word_1_105' title='bbox 931 3007 962 3064; x_wconf 90' lang='lat' dir='ltr'>in</span> <span class='ocrx_word' id='word_1_106' title='bbox 985 3007 1070 3067; x_wconf 81' lang='lat' dir='ltr'>hoste</span> <span class='ocrx_word' id='word_1_107' title='bbox 1092 3006 1159 3066; x_wconf 80' lang='lat' dir='ltr'>init.</span> 
     </span>
     <span class='ocr_line' id='line_1_21' title="bbox 1299 3119 1513 3194; baseline -0.014 -15"><span class='ocrx_word' id='word_1_108' title='bbox 1299 3121 1360 3194; x_wconf 80' lang='lat' dir='ltr'>(Tr.</span> <span class='ocrx_word' id='word_1_109' title='bbox 1383 3119 1411 3177; x_wconf 85' lang='lat' dir='ltr'>V</span> <span class='ocrx_word' id='word_1_110' title='bbox 1433 3120 1513 3185; x_wconf 69' lang='lat'>236]</span> 
     </span>
    </p>
   </div>
   <div class='ocr_carea' id='block_1_8' title="bbox 527 3236 1513 3428">
    <p class='ocr_par' dir='ltr' id='par_1_8' title="bbox 527 3236 1513 3428">
     <span class='ocr_line' id='line_1_22' title="bbox 527 3236 1191 3316; baseline -0.006 -18"><span class='ocrx_word' id='word_1_111' title='bbox 527 3237 655 3298; x_wconf 83' lang='lat' dir='ltr'>Osessre</span> <span class='ocrx_word' id='word_1_112' title='bbox 675 3238 718 3296; x_wconf 92' lang='lat' dir='ltr'>nii</span> <span class='ocrx_word' id='word_1_113' title='bbox 739 3239 845 3316; x_wconf 78' lang='lat' dir='ltr'>ingens</span> <span class='ocrx_word' id='word_1_114' title='bbox 869 3238 969 3297; x_wconf 86' lang='lat' dir='ltr'>mitius</span> <span class='ocrx_word' id='word_1_115' title='bbox 989 3237 1069 3296; x_wconf 85' lang='lat' dir='ltr'>orbis</span> <span class='ocrx_word' id='word_1_116' title='bbox 1093 3236 1191 3297; x_wconf 82' lang='lat' dir='ltr'>hebet.</span> 
     </span>
     <span class='ocr_line' id='line_1_23' title="bbox 1386 3349 1513 3428; baseline -0.008 -20"><span class='ocrx_word' id='word_1_117' title='bbox 1386 3349 1439 3428; x_wconf 92' lang='lat' dir='ltr'>(ib.</span> <span class='ocrx_word' id='word_1_118' title='bbox 1462 3350 1513 3420; x_wconf 87' lang='grc'>38)</span> 
     </span>
    </p>
   </div>
   <div class='ocr_carea' id='block_1_9' title="bbox 528 3468 1512 3639">
    <p class='ocr_par' dir='ltr' id='par_1_9' title="bbox 528 3468 1512 3639">
     <span class='ocr_line' id='line_1_24' title="bbox 528 3468 1151 3546; baseline -0.003 -18"><span class='ocrx_word' id='word_1_119' title='bbox 528 3469 586 3528; x_wconf 85' lang='lat' dir='ltr'>Sed</span> <span class='ocrx_word' id='word_1_120' title='bbox 607 3473 660 3529; x_wconf 77' lang='lat' dir='ltr'>ins</span> <span class='ocrx_word' id='word_1_121' title='bbox 682 3473 801 3546; x_wconf 72' lang='lat' dir='ltr'>peccate</span> <span class='ocrx_word' id='word_1_122' title='bbox 823 3468 919 3528; x_wconf 82' lang='lat' dir='ltr'>lenies</span> <span class='ocrx_word' id='word_1_123' title='bbox 941 3469 987 3528; x_wconf 82' lang='lat' dir='ltr'>irs</span> <span class='ocrx_word' id='word_1_124' title='bbox 1009 3486 1074 3527; x_wconf 91' lang='lat' dir='ltr'>meo</span> <span class='ocrx_word' id='word_1_125' title='bbox 1097 3473 1151 3527; x_wconf 83' lang='lat' dir='ltr'>est.</span> 
     </span>
     <span class='ocr_line' id='line_1_25' title="bbox 1382 3565 1512 3639; baseline 0.008 -16"><span class='ocrx_word' id='word_1_126' title='bbox 1382 3565 1432 3638; x_wconf 87' lang='lat' dir='ltr'>(ib.</span> <span class='ocrx_word' id='word_1_127' title='bbox 1461 3566 1512 3639; x_wconf 89' lang='grc'>60)</span> 
     </span>
    </p>
   </div>
   <div class='ocr_carea' id='block_1_10' title="bbox 487 3681 1511 3876">
    <p class='ocr_par' dir='ltr' id='par_1_10' title="bbox 487 3681 1511 3876">
     <span class='ocr_line' id='line_1_26' title="bbox 487 3681 1425 3760; baseline 0 -19"><span class='ocrx_word' id='word_1_128' title='bbox 487 3682 581 3759; x_wconf 77' lang='lat' dir='ltr'>Saepe</span> <span class='ocrx_word' id='word_1_129' title='bbox 602 3681 694 3741; x_wconf 83' lang='lat' dir='ltr'>referi</span> <span class='ocrx_word' id='word_1_130' title='bbox 715 3683 789 3760; x_wconf 90' lang='lat' dir='ltr'>(ipse</span> <span class='ocrx_word' id='word_1_131' title='bbox 811 3685 917 3759; x_wconf 72' lang='lat' dir='ltr'>pects),</span> <span class='ocrx_word' id='word_1_132' title='bbox 939 3681 979 3740; x_wconf 84' lang='lat' dir='ltr'>sii</span> <span class='ocrx_word' id='word_1_133' title='bbox 999 3686 1113 3758; x_wconf 81' lang='lat' dir='ltr'>qnsnis</span> <span class='ocrx_word' id='word_1_134' title='bbox 1135 3681 1183 3740; x_wconf 88' lang='lat' dir='ltr'>dei</span> <span class='ocrx_word' id='word_1_135' title='bbox 1206 3681 1365 3741; x_wconf 79' lang='lat' dir='ltr'>clementis</span> <span class='ocrx_word' id='word_1_136' title='bbox 1398 3723 1425 3740; x_wconf 93' lang='lat'>..</span> 
     </span>
     <span class='ocr_line' id='line_1_27' title="bbox 1351 3797 1511 3876; baseline -0.006 -20"><span class='ocrx_word' id='word_1_137' title='bbox 1351 3797 1405 3876; x_wconf 87' lang='lat' dir='ltr'>(ib.</span> <span class='ocrx_word' id='word_1_138' title='bbox 1429 3799 1511 3872; x_wconf 84' lang='lat'>4.19)</span> 
     </span>
    </p>
   </div>
   <div class='ocr_carea' id='block_1_11' title="bbox 427 3964 1550 4390">
    <p class='ocr_par' dir='ltr' id='par_1_11' title="bbox 427 3964 1550 4390">
     <span class='ocr_line' id='line_1_28' title="bbox 427 3964 1550 4046; baseline -0.002 -19"><span class='ocrx_word' id='word_1_139' title='bbox 427 3966 632 4046; x_wconf 78' lang='lat' dir='ltr'>enpeisiitibns</span> <span class='ocrx_word' id='word_1_140' title='bbox 653 3965 767 4026; x_wconf 83' lang='lat' dir='ltr'>civibus</span> <span class='ocrx_word' id='word_1_141' title='bbox 789 3965 912 4045; x_wconf 76' lang='lat' dir='ltr'>peperci,</span> <span class='ocrx_word' id='word_1_142' title='bbox 934 3965 973 4026; x_wconf 87' lang='lat' dir='ltr'>ih.</span> <span class='ocrx_word' id='word_1_143' title='bbox 996 3965 1034 4026; x_wconf 89' lang='lat' dir='ltr'>Vl</span> <span class='ocrx_word' id='word_1_144' title='bbox 1057 3967 1094 4026; x_wconf 81' lang='grc'>17</span> <span class='ocrx_word' id='word_1_145' title='bbox 1116 3971 1273 4041; x_wconf 78' lang='lat' dir='ltr'>(cumcun.</span> <span class='ocrx_word' id='word_1_146' title='bbox 1296 3964 1550 4036; x_wconf 84' lang='lat' dir='ltr'>Mommsenii),</span> 
     </span>
     <span class='ocr_line' id='line_1_29' title="bbox 427 4077 1549 4158; baseline -0.005 -14"><span class='ocrx_word' id='word_1_147' title='bbox 427 4084 480 4145; x_wconf 88' lang='lat' dir='ltr'>Dio</span> <span class='ocrx_word' id='word_1_148' title='bbox 513 4086 600 4145; x_wconf 65' lang='grc'>6366</span> <span class='ocrx_word' id='word_1_149' title='bbox 631 4088 747 4158; x_wconf 78' lang='lat' dir='ltr'>(corona</span> <span class='ocrx_word' id='word_1_150' title='bbox 779 4081 868 4142; x_wconf 84' lang='lat' dir='ltr'>civice</span> <span class='ocrx_word' id='word_1_151' title='bbox 900 4081 1023 4143; x_wconf 76' lang='lat' dir='ltr'>donatus</span> <span class='ocrx_word' id='word_1_152' title='bbox 1054 4090 1097 4142; x_wconf 85' lang='lat' dir='ltr'>est</span> <span class='ocrx_word' id='word_1_153' title='bbox 1126 4082 1163 4142; x_wconf 89' lang='lat' dir='ltr'>eb</span> <span class='ocrx_word' id='word_1_154' title='bbox 1184 4082 1260 4142; x_wconf 86' lang='lat' dir='ltr'>cives</span> <span class='ocrx_word' id='word_1_155' title='bbox 1282 4087 1417 4151; x_wconf 80' lang='lat' dir='ltr'>servatos,</span> <span class='ocrx_word' id='word_1_156' title='bbox 1439 4079 1474 4140; x_wconf 86' lang='lat' dir='ltr'>ci.</span> <span class='ocrx_word' id='word_1_157' title='bbox 1497 4077 1549 4140; x_wconf 91' lang='lat' dir='ltr'>Ov.</span> 
     </span>
     <span class='ocr_line' id='line_1_30' title="bbox 427 4195 1548 4274; baseline -0.005 -14"><span class='ocrx_word' id='word_1_158' title='bbox 427 4200 490 4260; x_wconf 82' lang='lat' dir='ltr'>Met.</span> <span class='ocrx_word' id='word_1_159' title='bbox 524 4200 534 4260; x_wconf 89' lang='lat' dir='ltr'>i</span> <span class='ocrx_word' id='word_1_160' title='bbox 568 4202 635 4270; x_wconf 65' lang='lat'>56⁶2,</span> <span class='ocrx_word' id='word_1_161' title='bbox 668 4197 729 4258; x_wconf 86' lang='lat' dir='ltr'>Vni.</span> <span class='ocrx_word' id='word_1_162' title='bbox 762 4197 835 4258; x_wconf 82' lang='lat' dir='ltr'>Max.</span> <span class='ocrx_word' id='word_1_163' title='bbox 858 4197 964 4258; x_wconf 69' lang='lat'><em>1185.</em></span> <span class='ocrx_word' id='word_1_164' title='bbox 987 4197 1267 4268; x_wconf 85' lang='lat' dir='ltr'>i.,Sen.dscie1n.</span> <span class='ocrx_word' id='word_1_165' title='bbox 1292 4197 1301 4257; x_wconf 92' lang='grc' dir='ltr'>Ι</span> <span class='ocrx_word' id='word_1_166' title='bbox 1325 4195 1498 4274; x_wconf 54' lang='lat' dir='ltr'>inmun.</span> <span class='ocrx_word' id='word_1_167' title='bbox 1522 4212 1548 4254; x_wconf 90' lang='lat' dir='ltr'>n.</span> 
     </span>
     <span class='ocr_line' id='line_1_31' title="bbox 427 4311 1547 4390; baseline -0.004 -14"><span class='ocrx_word' id='word_1_168' title='bbox 427 4317 453 4376; x_wconf 87' lang='lat' dir='ltr'>h.</span> <span class='ocrx_word' id='word_1_169' title='bbox 476 4315 540 4376; x_wconf 85' lang='lat' dir='ltr'>XVI</span> <span class='ocrx_word' id='word_1_170' title='bbox 561 4317 625 4385; x_wconf 61' lang='lat' dir='ltr'>s&amp;</span> <span class='ocrx_word' id='word_1_171' title='bbox 647 4315 765 4374; x_wconf 85' lang='lat' dir='ltr'>Sueien.</span> <span class='ocrx_word' id='word_1_172' title='bbox 789 4313 887 4374; x_wconf 78' lang='lat' dir='ltr'>Claud.</span> <span class='ocrx_word' id='word_1_173' title='bbox 911 4316 947 4374; x_wconf 75' lang='lat'>17</span> <span class='ocrx_word' id='word_1_174' title='bbox 969 4321 998 4374; x_wconf 78' lang='lat' dir='ltr'>ei</span> <span class='ocrx_word' id='word_1_175' title='bbox 1020 4332 1156 4373; x_wconf 86' lang='lat' dir='ltr'>nummos</span> <span class='ocrx_word' id='word_1_176' title='bbox 1176 4312 1211 4372; x_wconf 88' lang='lat' dir='ltr'>de</span> <span class='ocrx_word' id='word_1_177' title='bbox 1232 4311 1547 4390; x_wconf 77' lang='lat' dir='ltr'>quibusiiemrnscn</span> 
     </span>
    </p>
   </div>
   <div class='ocr_carea' id='block_1_12' title="bbox 425 4431 559 4511">
    <p class='ocr_par' dir='ltr' id='par_1_12' title="bbox 425 4431 559 4511">
     <span class='ocr_line' id='line_1_32' title="bbox 425 4431 559 4511; baseline -0.015 -18"><span class='ocrx_word' id='word_1_178' title='bbox 425 4431 483 4511; x_wconf 82' lang='lat' dir='ltr'>egit</span> <span class='ocrx_word' id='word_1_179' title='bbox 505 4431 559 4504; x_wconf 77' lang='lat' dir='ltr'>il.)</span> 
     </span>
    </p>
   </div>
   <div class='ocr_carea' id='block_1_13' title="bbox 0 0 1894 5488">
    <p class='ocr_par' dir='ltr' id='par_1_13' title="bbox 0 0 1894 5488">
     <span class='ocr_line' id='line_1_33' title="bbox 0 0 1894 5488; baseline 0 4"><span class='ocrx_word' id='word_1_180' title='bbox 0 0 1894 5488; x_wconf 95' lang='lat' dir='ltr'> </span> 
     </span>
    </p>
   </div>
  </div>
 </body>
</html>
