3734 5518
993 701 1038 770 24

454 903 566 970 fusius
590 901 884 991 comparabimus.
909 899 1001 968 Ante
1023 904 1143 968 tamen
1168 919 1275 988 quam
1299 899 1344 968 ad
1368 898 1572 967 Ciceronem

453 1035 489 1096 et
513 1026 677 1096 Ovidium
702 1026 925 1109 revertimur,
949 1025 1103 1093 maxima
1122 1024 1312 1093 indicanda
1331 1029 1385 1092 est
1396 1024 1488 1114 inter
1500 1022 1574 1092 fata

453 1172 577 1222 eorum
600 1151 845 1239 discrepantia.
866 1149 1000 1219 Seneca
1019 1168 1159 1217 omnem
1175 1150 1378 1237 potentiam,
1392 1148 1573 1230 honorem,

453 1276 601 1365 gloriam
625 1275 811 1363 acquisivit
833 1279 912 1364 post
935 1273 1089 1342 reditum
1110 1274 1179 1360 (sin
1206 1274 1332 1356 minua
1345 1290 1416 1340 non
1428 1270 1572 1340 exilium

454 1402 538 1469 satis
563 1401 657 1482 mite,
681 1399 741 1467 sed
767 1405 916 1468 mortem
937 1398 1165 1488 pertulisset),
1190 1397 1283 1465 Naso
1304 1397 1481 1476 felicitate,
1502 1416 1573 1483 qua

454 1544 565 1614 paene
596 1544 704 1613 supra
731 1523 926 1591 humanum
952 1521 1095 1591 modum
1122 1521 1574 1608 ususerat1)‚iniquitatc

455 1649 606 1737 Augusti
640 1649 677 1715 in
713 1653 923 1736 perpetuum
959 1648 1118 1735 privatus
1152 1651 1216 1728 est,
1252 1645 1373 1715 Cicero
1411 1643 1504 1732 quod
1536 1644 1571 1711 in

455 1753 640 1842 consulatu
664 1777 848 1841 assecutus
871 1776 948 1839 crat
970 1771 1190 1840 auctoritatis
1214 1769 1406 1858 fastigium,
1427 1768 1574 1858 posthac

455 1917 653 1986 numquam
675 1888 849 1984 attingere¹
869 1896 1001 1983 potuit;
1022 1897 1114 1962 vitae
1125 1895 1278 1982 denique
1290 1899 1468 1982 postremo
1480 1912 1574 1961 anno

454 2024 582 2090 iterum
619 2026 736 2089 rector
770 2040 846 2088 essc
869 2019 1020 2088 civitatis
1054 2017 1119 2086 sibi
1144 2020 1239 2086 visus
1262 2023 1325 2086 cst.
1350 2018 1453 2104 (Toto
1477 2017 1574 2085 caelo

454 2145 596 2226 erravit,
610 2164 691 2212 nam
706 2142 793 2211 nihil
805 2163 974 2232 umquam
987 2145 1055 2211 nisi
1068 2143 1195 2211 milites
1207 2151 1241 2211 et
1255 2144 1440 2233 pecuniam
1451 2149 1574 2231 poten·

454 2270 541 2336 tiam
565 2267 651 2336 dare
674 2267 802 2337 Caesar
827 2287 907 2334 vere
931 2267 1161 2336 contenderat
1178 2270 1285 2352 ll).-

501 2391 736 2482 Exposuimus
758 2391 962 2461 Ciceronem
986 2391 1098 2460 labori
1121 2391 1251 2460 forensi
1275 2411 1312 2459 se
1334 2389 1471 2458 dedisse
1491 2411 1573 2459 cum

457 2516 555 2586 Sulla
600 2514 855 2604 rempublicam
899 2515 1119 2583 restituisset.
1170 2514 1374 2584 Orationem
1422 2515 1572 2603 primam

454 2654 546 2729 quae
574 2644 745 2729 superest,
781 2639 976 2709 orationem
1012 2659 1075 2728 pro
1110 2638 1274 2718 Quinctio
1309 2639 1397 2719 dico,
1422 2639 1573 2728 primam

455 2783 601 2854 quoque
619 2782 696 2832 esse
719 2783 827 2850 quam
841 2762 961 2832 Cicero
974 2765 1106 2852 scripto
1120 2763 1350 2846 mandaverit,
1371 2783 1413 2830 cx
1425 2783 1466 2831 eo
1480 2762 1573 2850 quod

455 2889 498 2956 de
523 2887 698 2978 prioribus
721 2891 757 2954 et
780 2885 901 2955 Cicero
918 2886 1152 2970 etaliisilent,
1165 2887 1302 2955 efficere
1316 2887 1406 2955 licet.
1432 2887 1574 2956 Ceteras

455 3032 591 3095 causas,
615 3014 651 3079 iu
674 3010 906 3090 Quinctianae
929 3012 1029 3079 initio
1053 3011 1087 3101 (ᾗ
1098 3011 1135 3101 4)
1154 3017 1377 3090 memoratas,
1401 3031 1471 3078 non
1484 3013 1574 3079 tanti

456 3136 590 3219 habuit,
622 3141 663 3204 ut
686 3134 817 3225 publici
839 3135 927 3203 iuris
950 3153 1010 3203 eas
1033 3135 1174 3205 faceret.
1200 3133 1299 3214 Quod
1325 3134 1574 3215 Quinctianam

494 3389 525 3458 l)
555 3386 597 3447 Gl.
619 3385 791 3447 Roissier
818 3385 1014 3466 L’opposition
1035 3405 1063 3465 p.
1085 3388 1144 3447 108
1165 3404 1228 3465 sqq.
1251 3385 1335 3448 Poeta
1357 3385 1504 3466 ipseidem
1517 3386 1575 3447 lere

454 3500 540 3562 dicit:

518 3659 570 3721 llic
590 3659 633 3734 (in
654 3660 768 3740 Scythia
790 3665 842 3733 sc.)
863 3678 980 3739 quoque
1001 3678 1142 3740 cognosco
1164 3661 1267 3722 natalis
1289 3661 1410 3722 stamina
1435 3662 1524 3723 nostri

556 3775 685 3837 Stamina
706 3775 741 3836 do
763 3775 845 3854 nigro
866 3775 970 3837 vellere
991 3776 1064 3836 lacta
1086 3775 1176 3836 mihi.
1191 3823 1197 3837 .
1211 3823 1238 3836 ..
1308 3735 1317 3754 ⁹

518 3891 591 3952 Cum
612 3889 673 3951 vice
697 3897 802 3952 mutata
824 3890 874 3969 qui
896 3890 950 3952 sim
972 3891 1145 3970 fuerimque,
1169 3891 1310 3964 recordor,

558 4004 602 4075 Εῑ,
624 4003 722 4065 tulerit
743 4022 801 4082 quo
824 4023 868 4065 me
890 4023 974 4066 casus
995 4013 1022 4066 cl
1045 4006 1130 4078 unde,
1152 4006 1239 4068 subit.

1106 4121 1166 4201 (l'r.
1188 4121 1225 4183 lV
1249 4124 1316 4184 noa
1337 4140 1390 4200 sq,
1411 4125 1450 4182 99
1471 4125 1535 4201 sq).

496 4271 532 4332 cl.
554 4278 650 4334 annot.
672 4274 686 4331 l
712 4289 739 4349 p.
762 4273 801 4332 ln
822 4279 850 4333 et
871 4271 917 4332 Tr.
940 4272 977 4332 lv
1000 4275 1028 4334 8.
1051 4274 1185 4343 3l-36;
1209 4273 1232 4332 V
1256 4275 1303 4335 3.9
1324 4291 1367 4351 sq.

497 4387 528 4455 2)
569 4384 623 4447 Dio
645 4388 693 4458 ln,
714 4389 793 4446 lon.
