3778 5488
955 763 1022 830 Μ

428 958 536 1046 pbum
580 958 824 1027 Britannicum
869 979 1068 1029 commeare
1110 959 1146 1028 in
1184 958 1310 1028 urbem
1346 960 1546 1049 permiserit

426 1080 586 1167 (Sueton.
610 1081 659 1151 cl.
684 1081 754 1171 17).

470 1204 523 1275 Ne
558 1207 637 1295 quis
674 1212 793 1277 autem
830 1209 988 1278 faustum
1013 1209 1097 1278 illud
1123 1209 1293 1278 iudicium
1320 1208 1479 1298 --quod
1504 1229 1546 1278 eo

425 1330 567 1420 quidem
585 1332 693 1401 invito
705 1335 894 1414 emanavit,
907 1356 990 1403 nam
1003 1341 1148 1404 eractura
1161 1334 1270 1402 Dione
1283 1333 1349 1422 (cf.
1365 1354 1396 1424 p.
1410 1333 1455 1401 55
1466 1334 1545 1421 sq.),

424 1477 505 1526 cum
530 1477 612 1525 eum
637 1457 787 1546 puderet
810 1459 949 1541 „subito
972 1459 1142 1530 defecisse
1161 1467 1195 1528 et
1208 1479 1251 1527 ex
1264 1465 1363 1527 tanta
1376 1459 1545 1527 orationis

425 1580 667 1670 magnitudine
701 1582 752 1670 (in
788 1583 1026 1653 consolatione
1060 1582 1104 1652 ad
1142 1584 1308 1671 matrem)
1327 1582 1544 1651 ‘descivisse”

424 1706 480 1790 (ad
519 1705 590 1775 Pol.
625 1705 729 1792 llo),
765 1708 1014 1777 consolationis
1047 1708 1093 1778 ad
1129 1684 1310 1797 Polybium
1336 1709 1542 1776 memoriam

423 1830 539 1899 delere
563 1831 684 1900 sedulo
708 1833 910 1902 studuit-
933 1835 1110 1903 sincerum
1136 1839 1287 1924 putaret,
1309 1833 1385 1924 ipse
1410 1832 1544 1902 Seneca

422 1955 524 2038 cavit,
549 1945 630 2040 cum
656 1956 690 2024 in
715 1956 901 2026 Claudium
917 1967 1096 2028 mortuum
1112 1958 1427 2049 Apocolocyntosin
1440 1977 1540 2025 suam

422 2079 601 2149 scriberet.
638 2081 810 2150 Acerbius
847 2084 994 2152 fortasse
1022 2103 1059 2152 se
1082 2084 1255 2173 expressit
1276 2103 1318 2152 eo
1342 2080 1434 2170 quod
1460 2079 1542 2150 exul

421 2211 494 2272 tam
519 2204 580 2273 diu
604 2206 732 2292 iuerat,
757 2228 838 2275 nam

561 2402 735 2481 strangulat
756 2404 889 2465 inclusus
909 2405 993 2466 dolor
1014 2412 1105 2485 etque
1125 2409 1282 2470 exaestuat
1302 2406 1385 2464 intus

601 2518 728 2596 Cogitur
747 2524 778 2579 et
800 2521 879 2580 virae
903 2521 1100 2601 multiplicare
1120 2540 1198 2597 suaa,

1145 2636 1211 2712 (Or.
1232 2636 1283 2696 Tr.
1304 2635 1332 2694 V
1355 2637 1422 2696 1.63
1442 2640 1500 2715 sq.)

419 2848 488 2895 non
513 2829 562 2897 ita
584 2835 716 2912 tamen,
742 2837 782 2899 ut
806 2830 897 2919 apud
926 2831 1107 2900 historicos
1131 2851 1200 2899 non
1226 2831 1455 2900 inveniantur
1474 2833 1539 2902 loci
1651 2901 1655 2910 ,

418 2954 479 3041 qui
507 2953 660 3023 Senecae
683 2957 867 3024 enuntiata
890 2957 986 3025 omni
1010 2975 1053 3024 ex
1078 2962 1177 3044 parte
1201 2953 1413 3023 confirment
1435 2956 1538 3042 (Vide

417 3080 699 3161 commentarios,
723 3081 898 3170 imprimis
923 3079 1181 3161 Biicheleri,
1205 3078 1249 3148 ad
1264 3079 1428 3165 Ludum).
1442 3079 1539 3161 Quae

416 3202 558 3290 quidem
583 3204 774 3274 similitudo
798 3225 867 3274 non
894 3204 1019 3294 probat
1042 3205 1192 3275 crimina
1215 3224 1298 3272 vera
1321 3207 1416 3273 esset

461 3326 528 3407 Qui
572 3329 693 3398 decem
736 3329 839 3397 anuis
880 3337 963 3397 ante
997 3328 1199 3418 exemplum
1237 3327 1325 3396 bene
1359 3329 1537 3397 scribendi

417 3449 560 3540 Polybio
583 3452 691 3522 dabat
714 3452 772 3538 (ad
798 3452 869 3520 Pol.
893 3451 976 3541 82),
1000 3453 1070 3520 iam
1082 3451 1204 3520 fatuus
1215 3457 1270 3519 est
1284 3451 1389 3540 (Lud.
1402 3451 1434 3538 l,
1448 3451 1479 3538 7,
1492 3453 1538 3538 8),

415 3575 471 3644 cui
497 3575 592 3644 Baba
614 3583 650 3645 et
674 3576 880 3665 Augurinus
903 3575 1019 3645 idonei
1043 3576 1263 3645 convictores
1289 3575 1537 3666 erunt(ib.3);

416 3701 476 3789 qui
512 3701 665 3790 „optime
688 3701 866 3770 formabat
889 3701 1134 3790 condebatque
1160 3719 1215 3768 res
1238 3700 1378 3788 gestas”
1405 3701 1474 3769 iam
1500 3702 1535 3769 in

414 3827 512 3894 caelo
557 3830 698 3915 „sperat
732 3824 894 3894 futurum
930 3825 1084 3912 aliquem
1121 3825 1276 3893 historiis
1310 3825 1383 3892 suis
1419 3823 1535 3894 locum
1630 3859 1633 3865 ·

413 3948 517 4036 (Lud.
548 3950 619 4039 5)·',
643 3950 727 4040 quia
750 3949 883 4020 scilicet
905 3952 940 4020 in
965 3951 1070 4019 terris
1092 3948 1252 4018 invenire
1275 3969 1345 4018 non
1372 3951 1535 4037 potuerit.

414 4074 558 4163 Polybio
581 4074 746 4144 Claudius
770 4076 862 4158 „iam
888 4077 1007 4144 omnia
1029 4073 1202 4165 exempla,
1227 4071 1411 4163 quibusad
1426 4073 1535 4140 animi

411 4199 625 4288 aequitatem
651 4199 922 4289 compellerem,
945 4199 1169 4268 tenacissima
1193 4196 1364 4265 memoria
1388 4195 1534 4265 rettulit.

413 4322 486 4392 lam
511 4325 669 4404 omnium
695 4332 882 4412 praecepta
906 4323 1104 4414 sapientum
1129 4321 1277 4390 adsueta
1289 4321 1355 4390 sibi
1369 4320 1535 4390 facundia

413 4447 581 4537 explicuit
604 4447 662 4532 (ad
688 4447 758 4516 Pol.
783 4445 910 4536 llly’,
933 4454 1011 4538 post
1037 4452 1186 4515 mortem
1199 4466 1263 4536 per
1274 4447 1390 4515 iocum
1405 4444 1535 4512 dicitur
