3778 5488
843 781 910 849 243

478 981 566 1059 Spem
588 982 652 1042 aine
673 982 817 1060 protento,
839 982 980 1058 Maxime,
1002 979 1072 1040 tolie
1094 979 1176 1039 mibi,

1178 1079 1229 1150 (ib.
1251 1079 1319 1138 our
1341 1081 1399 1156 aq.)

437 1195 598 1256 Proximus
619 1196 688 1256 haio
709 1196 821 1275 gradus
842 1200 887 1255 eat
909 1198 984 1255 bene
1004 1195 1162 1273 desperare
1182 1194 1320 1270 satutem,

478 1312 575 1390 Sequa
596 1312 687 1373 remei
709 1331 781 1372 rara
802 1313 877 1371 aeira
899 1313 1009 1390 porisne
1029 1310 1088 1370 tide
1100 1353 1108 1371 .
1121 1357 1127 1370 .
1141 1353 1167 1370 ..

438 1429 605 1488 Dummodo
625 1446 693 1510 non¹
708 1429 793 1488 uobia
815 1429 869 1488 boo
889 1427 1025 1487 Caesarie
1047 1427 1092 1485 ira
1112 1427 1241 1502 negarit,

480 1544 610 1604 Fortiter
632 1545 760 1604 Euxinis
780 1544 985 1603 immoriomur
1005 1543 1101 1620 aquia.

1044 1641 1097 1714 ub.
1118 1642 1186 1699 723
1206 1659 1261 1719 aq„
1282 1642 1319 1699 39
1342 1643 1398 1718 eq.)

362 1766 523 1855 Augusto
555 1773 695 1835 mortuo
717 1787 935 1857 quamquam
960 1766 1161 1835 adulatione
1184 1765 1435 1836 Germanicum

318 1898 354 1960 et
388 1911 452 1980 per
485 1912 566 1960 eum
596 1891 774 1960 Tiberium
800 1892 864 1960 sibi
889 1893 1076 1961 conciliare
1099 1891 1228 1970 studet,
1252 1890 1437 1980 desperata

319 2022 438 2083 manet
461 2016 573 2084 animi
594 2016 763 2096 condicio,
787 2036 870 2084 nam

438 2158 584 2236 Coeperat
605 2161 761 2237 Augustae
782 2159 923 2238 deceptae
943 2160 1098 2238 ignoscere
1119 2159 1224 2237 ouipae

479 2275 566 2352 Spem
588 2280 720 2336 neutram
741 2281 837 2335 terrea
857 2276 1048 2355 deseruitque
1069 2277 1166 2335 nimai,

984 2377 1035 2448 (ex
1058 2374 1092 2431 P.
1116 2373 1159 2432 1v
1181 2374 1250 2433 alo
1270 2374 1336 2452 aa).
1360 2406 1397 2416 -

365 2502 411 2570 at
436 2524 562 2592 magno
588 2514 709 2594 poetae
733 2504 896 2574 solatium
920 2514 998 2574 erat
1021 2505 1106 2574 iliud

437 2647 505 2708 Non
525 2649 622 2708 omnia
644 2649 763 2725 moriar,
786 2648 939 2726 multaque
960 2668 1028 2727 para
1050 2649 1107 2708 mei

478 2765 595 2823 vitabit
614 2765 772 2824 libitinam.

1019 2845 1104 2920 (Hor,
1126 2864 1215 2904 earm.
1237 2846 1287 2903 111
1308 2847 1398 2919 eor).

362 2976 528 3045 Carmina
561 2978 655 3046 enim
685 2999 749 3046 sua
771 2979 842 3046 iam
865 2978 947 3047 inde
971 2977 1016 3046 ab
1038 2978 1138 3047 initio
1164 2998 1291 3067 magno
1316 2978 1434 3047 favore

318 3103 389 3170 frui
415 3101 553 3170 videbat
576 3110 611 3169 ot
637 3103 842 3170 mentorum
861 3103 1181 3170 suorumoonseius
1194 3101 1347 3169 fruitura
1358 3121 1434 3169 esse

318 3224 547 3314 opinabatur:

438 3369 500 3427 Noa
521 3387 641 3446 quoquo
661 3388 714 3447 per
735 3374 829 3429 totum
852 3369 964 3446 pariter
986 3369 1174 3428 cantabimur
1195 3369 1304 3428 orbem.

1188 3487 1257 3558 (am.
1279 3483 1294 3542 I
1317 3484 1397 3557 325)

739 3565 812 3624 mibi
833 3564 915 3624 tama
937 3565 1076 3642 perennia

478 3677 655 3748 Quaeritur:
676 3680 708 3737 in
729 3685 791 3739 toto
812 3698 928 3758 aamper
950 3685 983 3739 ut
1004 3680 1076 3740 orbe
1097 3699 1266 3740 aanor....

439 3795 518 3871 Ergo
539 3794 639 3870 etiam,
661 3815 726 3854 eum
750 3813 795 3854 me
816 3814 973 3874 eupramua
993 3795 1128 3855 adederit
1149 3796 1237 3873 iguis,

479 3909 598 3980 Vivam,
620 3929 748 3988 parsque
770 3912 828 3970 moi
850 3909 944 3971 multa
964 3915 1114 3990 auperetoa
1135 3913 1201 3970 erit.

1039 4026 1091 4106 (ib.
1116 4027 1182 4088 lor
1209 4047 1262 4107 aq„
1284 4031 1320 4087 41
1344 4032 1400 4106 eq.)

439 4143 611 4221 Nequitiam
634 4144 738 4203 vinoaa
759 4149 841 4203 tuam
863 4145 1001 4203 convivia
1021 4148 1161 4203 narrant:

479 4258 613 4317 Narrant
632 4259 663 4317 in
686 4260 795 4319 muitaa
817 4261 946 4337 oompita
966 4265 1046 4318 aeota
1069 4259 1140 4318 riae.

323 4439 532 4448 Q
1053 4361 1123 4432 (am.
1147 4357 1195 4416 111
1220 4359 1286 4417 1.Ιῖ
1307 4357 1398 4436 aq.)¹)

362 4483 391 4553 t)
433 4480 495 4551 „En
517 4483 592 4552 etibt,
613 4499 651 4541 on
673 4481 714 4542 les
734 4481 1269 4563 rotrouveenooresouventdPompei
1282 4482 1441 4562 orayonno's
