<?xml version="1.0" encoding="UTF-8"?>
<!DOCTYPE html PUBLIC "-//W3C//DTD XHTML 1.0 Transitional//EN"
    "http://www.w3.org/TR/xhtml1/DTD/xhtml1-transitional.dtd">
<html xmlns="http://www.w3.org/1999/xhtml" xml:lang="en" lang="en">
 <head>
  <title>
</title>
<meta http-equiv="Content-Type" content="text/html;charset=utf-8" />
  <meta name='ocr-system' content='tesseract 3.04.00' />
  <meta name='ocr-capabilities' content='ocr_page ocr_carea ocr_par ocr_line ocrx_word'/>
</head>
<body>
  <div class='ocr_page' id='page_1' title='image "./exulumtriassive00leopgoog_0062.png"; bbox 0 0 3734 5518; ppageno 0'>
   <div class='ocr_carea' id='block_1_1' title="bbox 847 642 892 710">
    <p class='ocr_par' dir='ltr' id='par_1_1' title="bbox 847 642 892 710">
     <span class='ocr_line' id='line_1_1' title="bbox 847 642 892 710; baseline 0 0"><span class='ocrx_word' id='word_1_1' title='bbox 847 642 892 710; x_wconf 75' lang='lat'>49</span> 
     </span>
    </p>
   </div>
   <div class='ocr_carea' id='block_1_2' title="bbox 309 841 1427 1304">
    <p class='ocr_par' dir='ltr' id='par_1_2' title="bbox 309 841 1427 1304">
     <span class='ocr_line' id='line_1_2' title="bbox 353 841 1426 933; baseline 0 -23"><span class='ocrx_word' id='word_1_2' title='bbox 353 841 593 910; x_wconf 85' lang='lat' dir='ltr'>Fastorum</span> <span class='ocrx_word' id='word_1_3' title='bbox 628 861 717 930; x_wconf 87' lang='lat' dir='ltr'>opus</span> <span class='ocrx_word' id='word_1_4' title='bbox 733 843 762 930; x_wconf 92' lang='lat'>1)</span> <span class='ocrx_word' id='word_1_5' title='bbox 797 841 946 912; x_wconf 83' lang='lat' dir='ltr'>dimidia</span> <span class='ocrx_word' id='word_1_6' title='bbox 977 847 1116 912; x_wconf 87' lang='lat' dir='ltr'>tautum</span> <span class='ocrx_word' id='word_1_7' title='bbox 1152 862 1195 910; x_wconf 86' lang='lat' dir='ltr'>ex</span> <span class='ocrx_word' id='word_1_8' title='bbox 1223 849 1322 933; x_wconf 89' lang='lat' dir='ltr'>parte</span> <span class='ocrx_word' id='word_1_9' title='bbox 1347 862 1426 932; x_wconf 87' lang='lat' dir='ltr'>per·</span> 
     </span>
     <span class='ocr_line' id='line_1_3' title="bbox 309 963 1426 1056; baseline 0.002 -24"><span class='ocrx_word' id='word_1_10' title='bbox 309 963 442 1034; x_wconf 80' lang='lat' dir='ltr'>fectum</span> <span class='ocrx_word' id='word_1_11' title='bbox 466 964 584 1033; x_wconf 87' lang='lat' dir='ltr'>clades</span> <span class='ocrx_word' id='word_1_12' title='bbox 595 966 750 1038; x_wconf 86' lang='lat' dir='ltr'>aucturis</span> <span class='ocrx_word' id='word_1_13' title='bbox 761 965 915 1053; x_wconf 89' lang='lat' dir='ltr'>abrupit.</span> <span class='ocrx_word' id='word_1_14' title='bbox 940 965 1426 1056; x_wconf 66' lang='lat' dir='ltr'>Sexlibricouscrmtiemnt,</span> 
     </span>
     <span class='ocr_line' id='line_1_4' title="bbox 311 1089 1427 1180; baseline 0.001 -22"><span class='ocrx_word' id='word_1_15' title='bbox 311 1109 464 1178; x_wconf 85' lang='lat' dir='ltr'>quorum</span> <span class='ocrx_word' id='word_1_16' title='bbox 499 1089 677 1180; x_wconf 83' lang='lat' dir='ltr'><strong>specimen</strong></span> <span class='ocrx_word' id='word_1_17' title='bbox 701 1110 783 1158; x_wconf 91' lang='lat' dir='ltr'>cum</span> <span class='ocrx_word' id='word_1_18' title='bbox 807 1089 1026 1158; x_wconf 78' lang='lat' dir='ltr'>dedicatione</span> <span class='ocrx_word' id='word_1_19' title='bbox 1052 1129 1090 1138; x_wconf 90' lang='lat'><em>-</em></span> <span class='ocrx_word' id='word_1_20' title='bbox 1118 1093 1253 1179; x_wconf 79' lang='lat' dir='ltr'>primus</span> <span class='ocrx_word' id='word_1_21' title='bbox 1278 1092 1427 1160; x_wconf 81' lang='lat' dir='ltr'>fortasse</span> 
     </span>
     <span class='ocr_line' id='line_1_5' title="bbox 311 1213 1286 1304; baseline 0.003 -23"><span class='ocrx_word' id='word_1_22' title='bbox 311 1213 493 1299; x_wconf 66' lang='lat' dir='ltr'>„libettue&#39;</span> <span class='ocrx_word' id='word_1_23' title='bbox 516 1220 670 1288; x_wconf 88' lang='lat' dir='ltr'>-tunc</span> <span class='ocrx_word' id='word_1_24' title='bbox 693 1214 764 1283; x_wconf 84' lang='lat' dir='ltr'>iam</span> <span class='ocrx_word' id='word_1_25' title='bbox 787 1214 922 1284; x_wconf 87' lang='lat' dir='ltr'>editum</span> <span class='ocrx_word' id='word_1_26' title='bbox 946 1214 1056 1282; x_wconf 81' lang='lat' dir='ltr'>fuisse</span> <span class='ocrx_word' id='word_1_27' title='bbox 1082 1215 1220 1284; x_wconf 86' lang='lat' dir='ltr'>videtur</span> <span class='ocrx_word' id='word_1_28' title='bbox 1234 1215 1286 1304; x_wconf 73' lang='grc'>2);</span> 
     </span>
    </p>
   </div>
   <div class='ocr_carea' id='block_1_3' title="bbox 470 1436 1287 1747">
    <p class='ocr_par' dir='ltr' id='par_1_3' title="bbox 470 1436 1287 1747">
     <span class='ocr_line' id='line_1_6' title="bbox 470 1436 1262 1515; baseline 0.001 -18"><span class='ocrx_word' id='word_1_29' title='bbox 470 1437 530 1497; x_wconf 85' lang='lat' dir='ltr'>Sex</span> <span class='ocrx_word' id='word_1_30' title='bbox 551 1453 607 1514; x_wconf 78' lang='lat' dir='ltr'>ego</span> <span class='ocrx_word' id='word_1_31' title='bbox 627 1436 786 1496; x_wconf 75' lang='lat' dir='ltr'>Fastorum</span> <span class='ocrx_word' id='word_1_32' title='bbox 807 1437 911 1514; x_wconf 77' lang='lat' dir='ltr'>scripsi</span> <span class='ocrx_word' id='word_1_33' title='bbox 932 1436 1117 1515; x_wconf 84' lang='lat' dir='ltr'>totidemque</span> <span class='ocrx_word' id='word_1_34' title='bbox 1136 1437 1262 1508; x_wconf 74' lang='lat' dir='ltr'>libellos,</span> 
     </span>
     <span class='ocr_line' id='line_1_7' title="bbox 508 1551 1242 1630; baseline 0 -17"><span class='ocrx_word' id='word_1_35' title='bbox 508 1551 644 1630; x_wconf 75' lang='lat' dir='ltr'>Cumque</span> <span class='ocrx_word' id='word_1_36' title='bbox 664 1569 718 1612; x_wconf 82' lang='lat' dir='ltr'>ouo</span> <span class='ocrx_word' id='word_1_37' title='bbox 739 1551 830 1612; x_wconf 86' lang='lat' dir='ltr'>finem</span> <span class='ocrx_word' id='word_1_38' title='bbox 852 1571 953 1612; x_wconf 75' lang='lat' dir='ltr'>mense</span> <span class='ocrx_word' id='word_1_39' title='bbox 974 1552 1113 1613; x_wconf 83' lang='lat' dir='ltr'>uolumen</span> <span class='ocrx_word' id='word_1_40' title='bbox 1136 1553 1242 1613; x_wconf 90' lang='lat' dir='ltr'>habet:</span> 
     </span>
     <span class='ocr_line' id='line_1_8' title="bbox 470 1667 1287 1747; baseline 0 -20"><span class='ocrx_word' id='word_1_41' title='bbox 470 1667 566 1747; x_wconf 88' lang='lat' dir='ltr'>quue</span> <span class='ocrx_word' id='word_1_42' title='bbox 586 1673 639 1738; x_wconf 84' lang='lat' dir='ltr'>tuo</span> <span class='ocrx_word' id='word_1_43' title='bbox 660 1687 755 1746; x_wconf 82' lang='lat' dir='ltr'>nuper</span> <span class='ocrx_word' id='word_1_44' title='bbox 776 1669 917 1747; x_wconf 79' lang='lat' dir='ltr'>scriptum</span> <span class='ocrx_word' id='word_1_45' title='bbox 940 1669 996 1728; x_wconf 86' lang='lat' dir='ltr'>eub</span> <span class='ocrx_word' id='word_1_46' title='bbox 1017 1670 1147 1747; x_wconf 75' lang='lat' dir='ltr'>nomino,</span> <span class='ocrx_word' id='word_1_47' title='bbox 1168 1668 1287 1740; x_wconf 73' lang='lat' dir='ltr'>caesar,</span> 
     </span>
    </p>
   </div>
   <div class='ocr_carea' id='block_1_4' title="bbox 511 1784 1306 1978">
    <p class='ocr_par' dir='ltr' id='par_1_4' title="bbox 511 1784 1306 1978">
     <span class='ocr_line' id='line_1_9' title="bbox 511 1784 1173 1864; baseline 0.003 -20"><span class='ocrx_word' id='word_1_48' title='bbox 511 1784 549 1844; x_wconf 76' lang='lat' dir='ltr'>nt</span> <span class='ocrx_word' id='word_1_49' title='bbox 569 1785 625 1844; x_wconf 85' lang='lat' dir='ltr'>tibi</span> <span class='ocrx_word' id='word_1_50' title='bbox 645 1790 796 1845; x_wconf 77' lang='lat' dir='ltr'>eaomtum</span> <span class='ocrx_word' id='word_1_51' title='bbox 816 1802 880 1845; x_wconf 77' lang='lat' dir='ltr'>rore</span> <span class='ocrx_word' id='word_1_52' title='bbox 901 1802 967 1843; x_wconf 80' lang='lat' dir='ltr'>meo</span> <span class='ocrx_word' id='word_1_53' title='bbox 988 1785 1070 1863; x_wconf 87' lang='lat' dir='ltr'>rupit</span> <span class='ocrx_word' id='word_1_54' title='bbox 1090 1802 1173 1864; x_wconf 75' lang='lat' dir='ltr'>opus.</span> 
     </span>
     <span class='ocr_line' id='line_1_10' title="bbox 988 1899 1306 1978; baseline 0 -19"><span class='ocrx_word' id='word_1_55' title='bbox 988 1899 1051 1978; x_wconf 80' lang='lat' dir='ltr'>(Tr.</span> <span class='ocrx_word' id='word_1_56' title='bbox 1073 1901 1105 1958; x_wconf 91' lang='lat'>11</span> <span class='ocrx_word' id='word_1_57' title='bbox 1126 1900 1306 1974; x_wconf 74' lang='lat'><strong>549-552).</strong></span> 
     </span>
    </p>
   </div>
   <div class='ocr_carea' id='block_1_5' title="bbox 311 2092 1428 2558">
    <p class='ocr_par' dir='ltr' id='par_1_5' title="bbox 311 2092 1428 2558">
     <span class='ocr_line' id='line_1_11' title="bbox 356 2092 1428 2184; baseline -0.001 -21"><span class='ocrx_word' id='word_1_58' title='bbox 356 2092 490 2164; x_wconf 85' lang='lat' dir='ltr'>Ceteris</span> <span class='ocrx_word' id='word_1_59' title='bbox 526 2093 624 2164; x_wconf 90' lang='lat' dir='ltr'>libris</span> <span class='ocrx_word' id='word_1_60' title='bbox 659 2093 816 2178; x_wconf 88' lang='lat' dir='ltr'>Ovidius,</span> <span class='ocrx_word' id='word_1_61' title='bbox 840 2102 880 2164; x_wconf 91' lang='lat' dir='ltr'>ut</span> <span class='ocrx_word' id='word_1_62' title='bbox 902 2096 1037 2184; x_wconf 78' lang='lat' dir='ltr'>opinor‚</span> <span class='ocrx_word' id='word_1_63' title='bbox 1062 2095 1186 2183; x_wconf 90' lang='lat' dir='ltr'>primis</span> <span class='ocrx_word' id='word_1_64' title='bbox 1208 2093 1302 2162; x_wconf 83' lang='lat' dir='ltr'>exilii</span> <span class='ocrx_word' id='word_1_65' title='bbox 1325 2096 1428 2162; x_wconf 88' lang='lat' dir='ltr'>anuis</span> 
     </span>
     <span class='ocr_line' id='line_1_12' title="bbox 311 2218 1427 2308; baseline 0 -22"><span class='ocrx_word' id='word_1_66' title='bbox 311 2236 455 2307; x_wconf 88' lang='lat' dir='ltr'>operam</span> <span class='ocrx_word' id='word_1_67' title='bbox 480 2239 549 2288; x_wconf 89' lang='lat' dir='ltr'>non</span> <span class='ocrx_word' id='word_1_68' title='bbox 575 2218 741 2300; x_wconf 89' lang='lat' dir='ltr'>admovit,</span> <span class='ocrx_word' id='word_1_69' title='bbox 765 2239 846 2288; x_wconf 88' lang='lat' dir='ltr'>cum</span> <span class='ocrx_word' id='word_1_70' title='bbox 864 2219 930 2288; x_wconf 89' lang='lat' dir='ltr'>sibi</span> <span class='ocrx_word' id='word_1_71' title='bbox 943 2218 1133 2308; x_wconf 88' lang='lat' dir='ltr'>aliquando</span> <span class='ocrx_word' id='word_1_72' title='bbox 1146 2218 1292 2287; x_wconf 82' lang='lat' dir='ltr'>Romam</span> <span class='ocrx_word' id='word_1_73' title='bbox 1308 2218 1427 2286; x_wconf 84' lang='lat' dir='ltr'>reduci</span> 
     </span>
     <span class='ocr_line' id='line_1_13' title="bbox 311 2341 1427 2413; baseline 0.001 -4"><span class='ocrx_word' id='word_1_74' title='bbox 311 2342 518 2412; x_wconf 87' lang='lat' dir='ltr'>necessariis</span> <span class='ocrx_word' id='word_1_75' title='bbox 530 2343 573 2411; x_wconf 90' lang='lat' dir='ltr'>ad</span> <span class='ocrx_word' id='word_1_76' title='bbox 584 2343 713 2411; x_wconf 83' lang='lat' dir='ltr'>alteros</span> <span class='ocrx_word' id='word_1_77' title='bbox 725 2363 786 2411; x_wconf 86' lang='lat' dir='ltr'>sex</span> <span class='ocrx_word' id='word_1_78' title='bbox 798 2341 906 2412; x_wconf 87' lang='lat' dir='ltr'>libros</span> <span class='ocrx_word' id='word_1_79' title='bbox 918 2343 1121 2413; x_wconf 85' lang='lat' dir='ltr'>scribendos</span> <span class='ocrx_word' id='word_1_80' title='bbox 1133 2341 1297 2411; x_wconf 86' lang='lat' dir='ltr'>subsidiis</span> <span class='ocrx_word' id='word_1_81' title='bbox 1306 2341 1427 2411; x_wconf 88' lang='lat' dir='ltr'>utendi</span> 
     </span>
     <span class='ocr_line' id='line_1_14' title="bbox 311 2465 1426 2558; baseline 0 -25"><span class='ocrx_word' id='word_1_82' title='bbox 311 2465 517 2536; x_wconf 81' lang='lat' dir='ltr'>facultatem</span> <span class='ocrx_word' id='word_1_83' title='bbox 541 2467 615 2536; x_wconf 82' lang='lat' dir='ltr'>sore</span> <span class='ocrx_word' id='word_1_84' title='bbox 639 2473 808 2558; x_wconf 84' lang='lat' dir='ltr'>speraret.</span> <span class='ocrx_word' id='word_1_85' title='bbox 833 2467 919 2557; x_wconf 87' lang='lat' dir='ltr'>Spes</span> <span class='ocrx_word' id='word_1_86' title='bbox 935 2469 1030 2536; x_wconf 89' lang='lat' dir='ltr'>enim</span> <span class='ocrx_word' id='word_1_87' title='bbox 1040 2467 1085 2536; x_wconf 91' lang='lat' dir='ltr'>ab</span> <span class='ocrx_word' id='word_1_88' title='bbox 1099 2468 1259 2558; x_wconf 83' lang='lat' dir='ltr'>Augusto</span> <span class='ocrx_word' id='word_1_89' title='bbox 1274 2466 1426 2534; x_wconf 89' lang='lat' dir='ltr'>reditum</span> 
     </span>
    </p>
   </div>
   <div class='ocr_carea' id='block_1_6' title="bbox 310 2591 1428 3178">
    <p class='ocr_par' dir='ltr' id='par_1_6' title="bbox 310 2591 1428 3178">
     <span class='ocr_line' id='line_1_15' title="bbox 311 2591 1428 2683; baseline -0.001 -25"><span class='ocrx_word' id='word_1_90' title='bbox 311 2591 524 2680; x_wconf 86' lang='lat' dir='ltr'>impetrandi</span> <span class='ocrx_word' id='word_1_91' title='bbox 538 2611 732 2680; x_wconf 87' lang='lat' dir='ltr'>numquam</span> <span class='ocrx_word' id='word_1_92' title='bbox 746 2613 828 2660; x_wconf 91' lang='lat' dir='ltr'>eum</span> <span class='ocrx_word' id='word_1_93' title='bbox 841 2593 993 2683; x_wconf 80' lang='lat' dir='ltr'>reliquit.</span> <span class='ocrx_word' id='word_1_94' title='bbox 1007 2591 1165 2673; x_wconf 87' lang='lat' dir='ltr'>Quicum</span> <span class='ocrx_word' id='word_1_95' title='bbox 1175 2597 1257 2660; x_wconf 88' lang='lat' dir='ltr'>ante</span> <span class='ocrx_word' id='word_1_96' title='bbox 1267 2596 1428 2659; x_wconf 87' lang='lat' dir='ltr'>mortuus</span> 
     </span>
     <span class='ocr_line' id='line_1_16' title="bbox 310 2714 1427 2804; baseline -0.003 -21"><span class='ocrx_word' id='word_1_97' title='bbox 310 2721 413 2800; x_wconf 83' lang='lat' dir='ltr'>esset,</span> <span class='ocrx_word' id='word_1_98' title='bbox 448 2715 711 2800; x_wconf 86' lang='lat' dir='ltr'>Germanicum,</span> <span class='ocrx_word' id='word_1_99' title='bbox 746 2717 806 2804; x_wconf 90' lang='lat' dir='ltr'>qui</span> <span class='ocrx_word' id='word_1_100' title='bbox 839 2717 970 2786; x_wconf 82' lang='lat' dir='ltr'>Aratea</span> <span class='ocrx_word' id='word_1_101' title='bbox 995 2717 1117 2785; x_wconf 88' lang='lat' dir='ltr'>Latine</span> <span class='ocrx_word' id='word_1_102' title='bbox 1140 2714 1291 2784; x_wconf 87' lang='lat' dir='ltr'>reddens</span> <span class='ocrx_word' id='word_1_103' title='bbox 1314 2715 1427 2782; x_wconf 85' lang='lat' dir='ltr'>simile</span> 
     </span>
     <span class='ocr_line' id='line_1_17' title="bbox 311 2840 1427 2932; baseline -0.001 -25"><span class='ocrx_word' id='word_1_104' title='bbox 311 2846 561 2932; x_wconf 72' lang='lat' dir='ltr'>argumentum</span> <span class='ocrx_word' id='word_1_105' title='bbox 587 2841 744 2909; x_wconf 87' lang='lat' dir='ltr'>carmine</span> <span class='ocrx_word' id='word_1_106' title='bbox 767 2847 991 2925; x_wconf 87' lang='lat' dir='ltr'>tractaverat,</span> <span class='ocrx_word' id='word_1_107' title='bbox 1011 2840 1165 2910; x_wconf 90' lang='lat' dir='ltr'>adeundi</span> <span class='ocrx_word' id='word_1_108' title='bbox 1176 2846 1283 2927; x_wconf 87' lang='lat' dir='ltr'>atque</span> <span class='ocrx_word' id='word_1_109' title='bbox 1295 2840 1326 2907; x_wconf 89' lang='lat' dir='ltr'>ei</span> <span class='ocrx_word' id='word_1_110' title='bbox 1339 2858 1427 2928; x_wconf 89' lang='lat' dir='ltr'>opus</span> 
     </span>
     <span class='ocr_line' id='line_1_18' title="bbox 311 2963 1425 3054; baseline -0.002 -22"><span class='ocrx_word' id='word_1_111' title='bbox 311 2983 416 3036; x_wconf 88' lang='lat' dir='ltr'>suum</span> <span class='ocrx_word' id='word_1_112' title='bbox 451 2963 636 3033; x_wconf 87' lang='lat' dir='ltr'>dedicandi</span> <span class='ocrx_word' id='word_1_113' title='bbox 659 2965 843 3034; x_wconf 87' lang='lat' dir='ltr'>consilium</span> <span class='ocrx_word' id='word_1_114' title='bbox 869 2966 1003 3053; x_wconf 83' lang='lat' dir='ltr'>agitare</span> <span class='ocrx_word' id='word_1_115' title='bbox 1027 2965 1152 3054; x_wconf 89' lang='lat' dir='ltr'>coepit,</span> <span class='ocrx_word' id='word_1_116' title='bbox 1176 2971 1297 3052; x_wconf 88' lang='lat' dir='ltr'>utpote</span> <span class='ocrx_word' id='word_1_117' title='bbox 1321 2983 1425 3045; x_wconf 88' lang='lat' dir='ltr'>quem</span> 
     </span>
     <span class='ocr_line' id='line_1_19' title="bbox 312 3088 1108 3178; baseline 0.001 -22"><span class='ocrx_word' id='word_1_118' title='bbox 312 3095 453 3176; x_wconf 87' lang='lat' dir='ltr'>poetam</span> <span class='ocrx_word' id='word_1_119' title='bbox 477 3088 542 3156; x_wconf 85' lang='lat' dir='ltr'>sibi</span> <span class='ocrx_word' id='word_1_120' title='bbox 566 3093 690 3176; x_wconf 84' lang='lat' dir='ltr'>poetae</span> <span class='ocrx_word' id='word_1_121' title='bbox 714 3088 923 3158; x_wconf 80' lang='lat' dir='ltr'>benevolum</span> <span class='ocrx_word' id='word_1_122' title='bbox 948 3095 1108 3178; x_wconf 86' lang='lat' dir='ltr'>putaret:</span> 
     </span>
    </p>
   </div>
   <div class='ocr_carea' id='block_1_7' title="bbox 432 3283 1198 3707">
    <p class='ocr_par' dir='ltr' id='par_1_7' title="bbox 432 3283 1198 3707">
     <span class='ocr_line' id='line_1_20' title="bbox 432 3283 1188 3362; baseline -0.001 -18"><span class='ocrx_word' id='word_1_123' title='bbox 432 3284 498 3344; x_wconf 84' lang='lat' dir='ltr'>Non</span> <span class='ocrx_word' id='word_1_124' title='bbox 520 3289 604 3362; x_wconf 81' lang='lat' dir='ltr'>poteo</span> <span class='ocrx_word' id='word_1_125' title='bbox 625 3283 756 3344; x_wconf 82' lang='lat' dir='ltr'>officium</span> <span class='ocrx_word' id='word_1_126' title='bbox 779 3285 857 3344; x_wconf 74' lang='lat' dir='ltr'>vatio</span> <span class='ocrx_word' id='word_1_127' title='bbox 877 3289 1068 3345; x_wconf 75' lang='lat' dir='ltr'>contemnere</span> <span class='ocrx_word' id='word_1_128' title='bbox 1091 3289 1188 3344; x_wconf 78' lang='lat' dir='ltr'>votes:</span> 
     </span>
     <span class='ocr_line' id='line_1_21' title="bbox 471 3399 1150 3478; baseline 0 -20"><span class='ocrx_word' id='word_1_129' title='bbox 471 3399 586 3460; x_wconf 89' lang='lat' dir='ltr'>Iudicio</span> <span class='ocrx_word' id='word_1_130' title='bbox 607 3401 735 3478; x_wconf 86' lang='lat' dir='ltr'>pretium</span> <span class='ocrx_word' id='word_1_131' title='bbox 760 3418 808 3460; x_wconf 80' lang='lat' dir='ltr'>res</span> <span class='ocrx_word' id='word_1_132' title='bbox 829 3399 919 3459; x_wconf 78' lang='lat' dir='ltr'>babet</span> <span class='ocrx_word' id='word_1_133' title='bbox 939 3400 997 3460; x_wconf 80' lang='lat' dir='ltr'>iota</span> <span class='ocrx_word' id='word_1_134' title='bbox 1018 3405 1108 3460; x_wconf 90' lang='lat' dir='ltr'>tuo..</span> <span class='ocrx_word' id='word_1_135' title='bbox 1124 3444 1150 3458; x_wconf 88' lang='lat'>..</span> 
     </span>
     <span class='ocr_line' id='line_1_22' title="bbox 432 3513 1198 3593; baseline -0.004 -18"><span class='ocrx_word' id='word_1_136' title='bbox 432 3515 531 3575; x_wconf 78' lang='lat' dir='ltr'>Prosit</span> <span class='ocrx_word' id='word_1_137' title='bbox 551 3533 696 3593; x_wconf 87' lang='lat' dir='ltr'>opemque</span> <span class='ocrx_word' id='word_1_138' title='bbox 717 3513 803 3584; x_wconf 79' lang='lat' dir='ltr'>ierat,</span> <span class='ocrx_word' id='word_1_139' title='bbox 825 3516 995 3575; x_wconf 76' lang='lat' dir='ltr'>communia</span> <span class='ocrx_word' id='word_1_140' title='bbox 1016 3533 1100 3574; x_wconf 75' lang='lat' dir='ltr'>auore</span> <span class='ocrx_word' id='word_1_141' title='bbox 1120 3514 1198 3573; x_wconf 84' lang='lat' dir='ltr'>tueri</span> 
     </span>
     <span class='ocr_line' id='line_1_23' title="bbox 472 3629 1163 3707; baseline -0.001 -18"><span class='ocrx_word' id='word_1_142' title='bbox 472 3630 573 3707; x_wconf 80' lang='lat' dir='ltr'>Atque</span> <span class='ocrx_word' id='word_1_143' title='bbox 593 3629 686 3689; x_wconf 74' lang='lat' dir='ltr'>isdem</span> <span class='ocrx_word' id='word_1_144' title='bbox 708 3629 815 3689; x_wconf 81' lang='lat' dir='ltr'>etudiio</span> <span class='ocrx_word' id='word_1_145' title='bbox 835 3629 1010 3707; x_wconf 72' lang='lat' dir='ltr'>imposuisse</span> <span class='ocrx_word' id='word_1_146' title='bbox 1033 3647 1163 3689; x_wconf 80' lang='lat' dir='ltr'>monum.</span> 
     </span>
    </p>
   </div>
   <div class='ocr_carea' id='block_1_8' title="bbox 914 3745 1391 3823">
    <p class='ocr_par' dir='ltr' id='par_1_8' title="bbox 914 3745 1391 3823">
     <span class='ocr_line' id='line_1_24' title="bbox 914 3745 1391 3823; baseline -0.004 -18"><span class='ocrx_word' id='word_1_147' title='bbox 914 3749 965 3820; x_wconf 84' lang='lat' dir='ltr'>(ex</span> <span class='ocrx_word' id='word_1_148' title='bbox 985 3746 1019 3806; x_wconf 90' lang='lat' dir='ltr'>P.</span> <span class='ocrx_word' id='word_1_149' title='bbox 1042 3745 1085 3804; x_wconf 86' lang='lat' dir='ltr'>lv</span> <span class='ocrx_word' id='word_1_150' title='bbox 1107 3745 1175 3805; x_wconf 85' lang='lat' dir='ltr'>8.6&#39;i</span> <span class='ocrx_word' id='word_1_151' title='bbox 1198 3763 1253 3823; x_wconf 82' lang='lat' dir='ltr'>eq,</span> <span class='ocrx_word' id='word_1_152' title='bbox 1274 3745 1311 3803; x_wconf 88' lang='lat'>81</span> <span class='ocrx_word' id='word_1_153' title='bbox 1335 3749 1391 3823; x_wconf 78' lang='lat' dir='ltr'>eq.)</span> 
     </span>
    </p>
   </div>
   <div class='ocr_carea' id='block_1_9' title="bbox 319 3973 527 3981">
    <p class='ocr_par' dir='ltr' id='par_1_9' title="bbox 319 3973 527 3981">
     <span class='ocr_line' id='line_1_25' title="bbox 319 3973 527 3981; baseline 0 -1"><span class='ocrx_word' id='word_1_154' title='bbox 319 3973 527 3981; x_wconf 68' lang='lat' dir='ltr'>..n-...—</span> 
     </span>
    </p>
   </div>
   <div class='ocr_carea' id='block_1_10' title="bbox 317 4090 1431 4288">
    <p class='ocr_par' dir='ltr' id='par_1_10' title="bbox 317 4090 1431 4288">
     <span class='ocr_line' id='line_1_26' title="bbox 355 4090 1431 4169; baseline -0.005 -17"><span class='ocrx_word' id='word_1_155' title='bbox 355 4095 386 4167; x_wconf 78' lang='grc'>1)</span> <span class='ocrx_word' id='word_1_156' title='bbox 425 4092 467 4152; x_wconf 82' lang='lat' dir='ltr'>Gi.</span> <span class='ocrx_word' id='word_1_157' title='bbox 501 4091 649 4153; x_wconf 82' lang='lat' dir='ltr'>Ehwald</span> <span class='ocrx_word' id='word_1_158' title='bbox 673 4092 712 4152; x_wconf 88' lang='lat' dir='ltr'>iu</span> <span class='ocrx_word' id='word_1_159' title='bbox 746 4091 828 4153; x_wconf 88' lang='lat' dir='ltr'>Burs.</span> <span class='ocrx_word' id='word_1_160' title='bbox 860 4091 990 4152; x_wconf 86' lang='lat' dir='ltr'>Jebreeb.</span> <span class='ocrx_word' id='word_1_161' title='bbox 1023 4093 1062 4152; x_wconf 70' lang='lat'>43</span> <span class='ocrx_word' id='word_1_162' title='bbox 1083 4092 1187 4168; x_wconf 74' lang='lat'>(1885)</span> <span class='ocrx_word' id='word_1_163' title='bbox 1209 4109 1235 4169; x_wconf 93' lang='lat' dir='ltr'>p.</span> <span class='ocrx_word' id='word_1_164' title='bbox 1259 4090 1431 4157; x_wconf 71' lang='lat' dir='ltr'>tto-tt&amp;</span> 
     </span>
     <span class='ocr_line' id='line_1_27' title="bbox 317 4206 776 4288; baseline 0.002 -20"><span class='ocrx_word' id='word_1_165' title='bbox 317 4206 480 4269; x_wconf 85' lang='lat' dir='ltr'>Ribbeck</span> <span class='ocrx_word' id='word_1_166' title='bbox 502 4227 530 4288; x_wconf 89' lang='lat' dir='ltr'>p.</span> <span class='ocrx_word' id='word_1_167' title='bbox 553 4209 611 4269; x_wconf 69' lang='lat'>276</span> <span class='ocrx_word' id='word_1_168' title='bbox 632 4225 686 4287; x_wconf 79' lang='lat' dir='ltr'>sq..</span> <span class='ocrx_word' id='word_1_169' title='bbox 709 4209 776 4270; x_wconf 83' lang='lat'><strong>336.</strong></span> 
     </span>
    </p>
   </div>
   <div class='ocr_carea' id='block_1_11' title="bbox 357 4323 1313 4457">
    <p class='ocr_par' dir='ltr' id='par_1_11' title="bbox 357 4323 1313 4457">
     <span class='ocr_line' id='line_1_28' title="bbox 357 4323 1313 4457; baseline -0.001 -73"><span class='ocrx_word' id='word_1_170' title='bbox 357 4323 387 4401; x_wconf 76' lang='lat' dir='ltr'>a)</span> <span class='ocrx_word' id='word_1_171' title='bbox 428 4323 533 4384; x_wconf 68' lang='lat' dir='ltr'>owen</span> <span class='ocrx_word' id='word_1_172' title='bbox 555 4323 670 4384; x_wconf 72' lang='lat' dir='ltr'>noar</span> <span class='ocrx_word' id='word_1_173' title='bbox 693 4342 720 4403; x_wconf 80' lang='lat' dir='ltr'>p.</span> <span class='ocrx_word' id='word_1_174' title='bbox 743 4323 842 4383; x_wconf 82' lang='lat' dir='ltr'>xxiv.</span> <span class='ocrx_word' id='word_1_175' title='bbox 1294 4400 1313 4457; x_wconf 60' lang='lat'>4</span> 
     </span>
    </p>
   </div>
   <div class='ocr_carea' id='block_1_12' title="bbox 0 0 1873 5518">
    <p class='ocr_par' dir='ltr' id='par_1_12' title="bbox 0 0 1873 5518">
     <span class='ocr_line' id='line_1_29' title="bbox 0 0 1873 5518; baseline 0 0"><span class='ocrx_word' id='word_1_176' title='bbox 0 0 1873 5518; x_wconf 95' lang='lat' dir='ltr'> </span> 
     </span>
    </p>
   </div>
   <div class='ocr_carea' id='block_1_13' title="bbox 1866 0 1867 1318">
    <p class='ocr_par' dir='ltr' id='par_1_13' title="bbox 1866 0 1867 1318">
     <span class='ocr_line' id='line_1_30' title="bbox 1866 0 1867 1318; baseline 0 0"><span class='ocrx_word' id='word_1_177' title='bbox 1866 0 1867 1318; x_wconf 95' lang='lat' dir='ltr'> </span> 
     </span>
    </p>
   </div>
  </div>
 </body>
</html>
