3734 5518
1004 715 1049 784 22

511 910 584 979 lam
619 911 666 981 ab
699 913 799 982 initio
830 913 1049 1001 principatus
1083 912 1252 982 Claudius
1279 934 1420 983 summa
1442 916 1584 1005 imperii

468 1053 616 1104 munera
650 1035 784 1106 libertis
820 1035 993 1105 mandans
1026 1037 1146 1106 odium
1179 1036 1245 1106 sibi
1279 1043 1467 1127 pepererat
1489 1037 1583 1128 apud

468 1158 607 1245 multos,
632 1161 725 1250 apud
751 1181 811 1230 eos
833 1162 1020 1249 imprimis,
1044 1162 1107 1250 qui
1130 1161 1232 1229 aulae
1257 1162 1482 1251 praecedenti
1504 1184 1585 1252 pro·

466 1289 551 1357 ximi
586 1289 738 1358 fuerant.
774 1285 909 1354 Horum
945 1284 1063 1354 studia
1097 1286 1132 1352 in
1166 1285 1256 1354 filias
1286 1287 1499 1373 Germanici,
1523 1290 1585 1377 qui

467 1413 596 1502 populo
615 1414 651 1481 in
677 1412 809 1481 deliciis
832 1429 971 1498 semper
994 1409 1121 1494 luerat,
1146 1410 1379 1500 Agrippinam
1403 1417 1439 1479 et
1458 1411 1584 1481 Iuliam

468 1536 627 1605 Liuillam
652 1556 822 1606 conversa
845 1541 939 1617 sunt,
962 1554 1054 1623 quae
1077 1535 1173 1623 ipsae
1202 1555 1344 1624 quoque
1376 1538 1584 1626 praesertim

466 1662 511 1730 ob
546 1661 754 1730 Messalinae
777 1659 898 1728 odium
922 1677 979 1726 res
1001 1677 1110 1726 novas
1135 1657 1249 1727 moliri
1273 1678 1342 1727 non
1370 1659 1584 1730 abnuebant.

467 1787 662 1875 Agrippina
692 1806 764 1873 qua
798 1789 874 1851 erat
898 1780 1086 1869 prudentia
1109 1780 1266 1850 subdolis
1289 1781 1425 1851 artibus
1445 1783 1585 1851 atindi·

466 1911 669 1998 gnationem
690 1909 809 1978 celans
830 1907 987 1975 favorem
1011 1906 1131 1994 populi
1156 1905 1222 1974 sibi
1246 1905 1433 1975 conciliare
1457 1913 1584 1976 conata

466 2041 528 2102 est.
565 2033 688 2102 Livilla
719 2039 842 2101 contra
865 2028 1038 2099 illecebris
1061 2030 1218 2117 corporis
1240 2035 1275 2097 et
1300 2031 1409 2098 nimia
1432 2030 1583 2100 lamilia-

467 2160 570 2226 ritate
605 2157 698 2246 apud
734 2155 930 2244 principem
967 2154 1173 2223 Messalinae
1197 2155 1348 2240 gratiam
1379 2155 1584 2224 subvertere

468 2281 604 2350 studuit
635 2288 670 2350 et
689 2283 802 2369 ipsam
826 2279 923 2348 illam
947 2279 1041 2347 fastu
1066 2286 1102 2347 et
1124 2279 1328 2368 arrogantia
1350 2279 1583 2348 exacerbavit.

468 2405 593 2494 ltaque
615 2406 647 2473 ei
670 2404 817 2473 immissi
841 2401 1121 2486 suntdelatores‚
1139 2404 1200 2492 qui
1213 2403 1377 2471 cumalia
1391 2408 1469 2471 tum
1482 2404 1582 2472 adul-

466 2530 556 2597 teria
579 2528 806 2598 oblectarent.
821 2527 1029 2615 Designatus
1041 2532 1095 2595 est
1110 2534 1229 2595 autem
1243 2534 1427 2616 tamquam
1441 2527 1583 2597 Liuillae

468 2652 607 2721 adulter
619 2653 656 2722 L.
670 2652 839 2720 Annaeus
855 2651 988 2719 Seneca
1002 2651 1042 2738 1).
1057 2650 1130 2720 Nec
1142 2658 1286 2734 temere,
1300 2657 1340 2720 ut
1352 2653 1486 2739 opinor,
1500 2673 1583 2720 nam

466 2779 541 2865 ipse
572 2777 713 2865 culpam
744 2795 845 2844 suam
870 2794 981 2863 paene
1005 2773 1186 2843 confessus
1209 2781 1263 2845 est
1284 2776 1321 2843 in
1345 2775 1584 2844 consolatione

467 2903 510 2971 ad
543 2902 729 2990 Polybium
760 2899 887 2989 (l3.3):
920 2899 1069 2982 „viderit
1100 2899 1301 2989 (Claudius)
1326 2900 1468 2989 qualem
1494 2900 1585 2969 volet

466 3047 542 3095 esse
565 3032 601 3094 at
623 3026 784 3094 aestimet
807 3043 950 3092 causam
977 3044 1108 3092 meam:
1136 3023 1188 3091 vel
1215 3025 1350 3092 iustitia
1367 3023 1583 3093 eiusbonam

467 3151 656 3240 perspiciat
670 3146 1318 3217 velclementiafaciatbonam:
1332 3155 1527 3237 utrumque
1547 3149 1583 3216 in

466 3296 580 3364 aequo
593 3273 679 3342 mihi
691 3273 768 3342 eius
777 3271 1076 3354 beneficiumerit,
1086 3273 1158 3339 sive
1168 3273 1392 3341 innocentem
1404 3292 1458 3339 me
1468 3273 1586 3341 scierit

467 3418 554 3482 esse,
573 3399 646 3467 sive
670 3397 867 3478 voluerit
881 3395 944 3483 2)”,
967 3402 1003 3463 et
1026 3395 1086 3464 ubi
1100 3397 1385 3465 contracrimina
1398 3395 1511 3464 Suillii
1524 3396 1585 3484 (cl.

507 3604 539 3680 l)
581 3600 633 3661 llio
653 3602 703 3670 60,
724 3602 772 3660 Sd
795 3597 1053 3677 [liapenbroclr
1081 3616 1108 3676 p.
1133 3601 1251 3659 ult-58
1272 3599 1367 3661 Sclrol.
1390 3601 1423 3661 ad
1447 3601 1584 3662 invenlt.

468 3719 540 3778 109:
574 3714 647 3786 „llic
677 3714 732 3775 sub
759 3712 889 3789 Claudio,
918 3711 1001 3790 quasi
1022 3712 1155 3774 conscius
1176 3712 1384 3777 adulteriorum
1407 3715 1497 3777 luliae
1519 3717 1586 3778 Ger·

469 3830 573 3892 manici
596 3829 680 3900 filiae,
703 3827 732 3887 in
755 3826 898 3888 Corsicam
921 3827 1092 3906 relegatus.”

507 3946 638 4007 Forsitan
668 3945 779 4006 delator
809 3941 927 4021 quidam
958 3941 1067 4004 divitiis
1097 3950 1124 4005 et
1155 3944 1261 4023 gratiae
1295 3945 1421 4006 Senecae
1452 3945 1586 4007 inviderit
1710 4007 1714 4014 ,

467 4061 609 4137 (lleilrel
632 4080 659 4141 p.
682 4061 710 4133 b,
730 4062 758 4130 li,
780 4061 809 4130 7,
831 4058 882 4136 qui
903 4057 970 4119 citat
992 4058 1026 4119 ad
1048 4058 1084 4119 H.
1108 4078 1145 4119 m.
1165 4061 1274 4132 b.4;ad
1287 4060 1386 4140 Polyb.
1403 4063 1471 4136 ab).
1485 4060 1526 4122 ul.
1539 4080 1586 4141 ap.

469 4176 635 4238 Dionumll.
645 4176 744 4237 verba:
755 4171 941 4254 ἐγκλήματα
955 4179 1240 4255 παρασκευάσασαε
1249 4175 1585 4239 criminibusinstmctis.
1638 4159 1641 4164 Ι

509 4301 540 4378 2)
571 4299 701 4361 Heilrel
724 4319 751 4380 p.
773 4302 806 4363 7:
830 4300 881 4360 Die
902 4299 1076 4361 alternative
1097 4299 1161 4360 sind
1185 4301 1289 4362 wieder
1309 4300 1376 4361 selrr
1393 4298 1585 4361 bezeichnand

468 4417 518 4476 lirr
537 4415 653 4486 Seneca,
679 4415 730 4476 wie
752 4435 784 4477 er
797 4415 923 4477 siclrden
936 4413 1150 4476 Verlraltnissen
1162 4415 1583 4496 leiclitanbequemenlronute.
