<?xml version="1.0" encoding="UTF-8"?>
<!DOCTYPE html PUBLIC "-//W3C//DTD XHTML 1.0 Transitional//EN"
    "http://www.w3.org/TR/xhtml1/DTD/xhtml1-transitional.dtd">
<html xmlns="http://www.w3.org/1999/xhtml" xml:lang="en" lang="en">
 <head>
  <title>
</title>
<meta http-equiv="Content-Type" content="text/html;charset=utf-8" />
  <meta name='ocr-system' content='tesseract 3.04.00' />
  <meta name='ocr-capabilities' content='ocr_page ocr_carea ocr_par ocr_line ocrx_word'/>
</head>
<body>
  <div class='ocr_page' id='page_1' title='image "./exulumtriassive00leopgoog_0206.png"; bbox 0 0 3778 5488; ppageno 0'>
   <div class='ocr_carea' id='block_1_1' title="bbox 873 706 940 775">
    <p class='ocr_par' dir='ltr' id='par_1_1' title="bbox 873 706 940 775">
     <span class='ocr_line' id='line_1_1' title="bbox 873 706 940 775; baseline 0 0"><span class='ocrx_word' id='word_1_1' title='bbox 873 706 940 775; x_wconf 88' lang='grc'><strong>193</strong></span> 
     </span>
    </p>
   </div>
   <div class='ocr_carea' id='block_1_2' title="bbox 495 903 1427 2718">
    <p class='ocr_par' dir='ltr' id='par_1_2' title="bbox 495 903 1427 2718">
     <span class='ocr_line' id='line_1_2' title="bbox 586 903 1232 982; baseline 0.002 -19"><span class='ocrx_word' id='word_1_2' title='bbox 586 949 593 963; x_wconf 93' lang='grc'><strong>.</strong></span> <span class='ocrx_word' id='word_1_3' title='bbox 606 909 797 964; x_wconf 75' lang='lat' dir='ltr'><strong>...nostram</strong></span> <span class='ocrx_word' id='word_1_4' title='bbox 819 904 917 965; x_wconf 87' lang='lat' dir='ltr'><strong>ounoti</strong></span> <span class='ocrx_word' id='word_1_5' title='bbox 939 903 1101 964; x_wconf 69' lang='lat' dir='ltr'><strong>destituere</strong></span> <span class='ocrx_word' id='word_1_6' title='bbox 1120 903 1232 982; x_wconf 83' lang='lat' dir='ltr'><strong>lugam.</strong></span> 
     </span>
     <span class='ocr_line' id='line_1_3' title="bbox 1172 1019 1427 1096; baseline -0.004 -17"><span class='ocrx_word' id='word_1_7' title='bbox 1172 1019 1278 1096; x_wconf 70' lang='lat'>(011³.</span> <span class='ocrx_word' id='word_1_8' title='bbox 1300 1020 1324 1081; x_wconf 90' lang='lat'><strong>1.</strong></span> <span class='ocrx_word' id='word_1_9' title='bbox 1346 1023 1427 1094; x_wconf 67' lang='lat' dir='ltr'><strong>nel)</strong></span> 
     </span>
     <span class='ocr_line' id='line_1_4' title="bbox 499 1134 1290 1213; baseline 0.001 -20"><span class='ocrx_word' id='word_1_10' title='bbox 499 1135 548 1193; x_wconf 75' lang='lat' dir='ltr'><strong>lin</strong></span> <span class='ocrx_word' id='word_1_11' title='bbox 570 1150 626 1213; x_wconf 80' lang='lat' dir='ltr'><strong>ego</strong></span> <span class='ocrx_word' id='word_1_12' title='bbox 647 1149 706 1194; x_wconf 87' lang='lat' dir='ltr'><strong>non</strong></span> <span class='ocrx_word' id='word_1_13' title='bbox 728 1135 830 1212; x_wconf 80' lang='lat' dir='ltr'><strong>pannio</strong></span> <span class='ocrx_word' id='word_1_14' title='bbox 852 1134 1002 1212; x_wconf 86' lang='lat' dir='ltr'><strong>qnondam</strong></span> <span class='ocrx_word' id='word_1_15' title='bbox 1025 1136 1158 1196; x_wconf 75' lang='lat' dir='ltr'><strong>munitus</strong></span> <span class='ocrx_word' id='word_1_16' title='bbox 1178 1136 1290 1212; x_wconf 74' lang='lat' dir='ltr'><strong>amieis,</strong></span> 
     </span>
     <span class='ocr_line' id='line_1_5' title="bbox 543 1247 1174 1328; baseline 0.002 -19"><span class='ocrx_word' id='word_1_17' title='bbox 543 1251 621 1310; x_wconf 89' lang='lat' dir='ltr'><strong>Dum</strong></span> <span class='ocrx_word' id='word_1_18' title='bbox 644 1247 729 1311; x_wconf 80' lang='lat' dir='ltr'><strong>flavit</strong></span> <span class='ocrx_word' id='word_1_19' title='bbox 751 1250 825 1310; x_wconf 79' lang='lat' dir='ltr'><strong>velie</strong></span> <span class='ocrx_word' id='word_1_20' title='bbox 845 1269 920 1310; x_wconf 83' lang='lat' dir='ltr'><strong>aura</strong></span> <span class='ocrx_word' id='word_1_21' title='bbox 940 1251 1070 1311; x_wconf 83' lang='lat' dir='ltr'><strong>oeennda</strong></span> <span class='ocrx_word' id='word_1_22' title='bbox 1091 1251 1174 1328; x_wconf 74' lang='lat' dir='ltr'><strong>mein,</strong></span> 
     </span>
     <span class='ocr_line' id='line_1_6' title="bbox 503 1365 1255 1446; baseline 0.001 -20"><span class='ocrx_word' id='word_1_23' title='bbox 503 1365 544 1426; x_wconf 93' lang='lat' dir='ltr'><strong>Ut</strong></span> <span class='ocrx_word' id='word_1_24' title='bbox 565 1365 630 1426; x_wconf 84' lang='lat' dir='ltr'><strong>iera</strong></span> <span class='ocrx_word' id='word_1_25' title='bbox 651 1365 786 1427; x_wconf 76' lang='lat' dir='ltr'><strong>nimboso</strong></span> <span class='ocrx_word' id='word_1_26' title='bbox 806 1371 983 1426; x_wconf 85' lang='lat' dir='ltr'><strong>tumuerunt</strong></span> <span class='ocrx_word' id='word_1_27' title='bbox 1004 1385 1135 1444; x_wconf 81' lang='lat' dir='ltr'><strong>aequora</strong></span> <span class='ocrx_word' id='word_1_28' title='bbox 1156 1373 1255 1446; x_wconf 79' lang='lat' dir='ltr'><strong>vento,</strong></span> 
     </span>
     <span class='ocr_line' id='line_1_7' title="bbox 542 1479 1214 1561; baseline 0.004 -21"><span class='ocrx_word' id='word_1_29' title='bbox 542 1482 578 1541; x_wconf 91' lang='lat' dir='ltr'><strong>ln</strong></span> <span class='ocrx_word' id='word_1_30' title='bbox 602 1479 705 1544; x_wconf 72' lang='lat' dir='ltr'><strong>mediis</strong></span> <span class='ocrx_word' id='word_1_31' title='bbox 726 1482 825 1543; x_wconf 72' lang='lat' dir='ltr'><strong>laeena</strong></span> <span class='ocrx_word' id='word_1_32' title='bbox 847 1500 924 1542; x_wconf 79' lang='lat' dir='ltr'><strong>nave</strong></span> <span class='ocrx_word' id='word_1_33' title='bbox 946 1482 1098 1561; x_wconf 82' lang='lat' dir='ltr'><strong>relinquor</strong></span> <span class='ocrx_word' id='word_1_34' title='bbox 1118 1483 1214 1561; x_wconf 75' lang='lat' dir='ltr'><strong>aquis.</strong></span> 
     </span>
     <span class='ocr_line' id='line_1_8' title="bbox 501 1597 1243 1677; baseline 0.001 -20"><span class='ocrx_word' id='word_1_35' title='bbox 501 1597 637 1677; x_wconf 83' lang='lat' dir='ltr'><strong>(lemque</strong></span> <span class='ocrx_word' id='word_1_36' title='bbox 656 1597 708 1659; x_wconf 84' lang='lat' dir='ltr'><strong>alii</strong></span> <span class='ocrx_word' id='word_1_37' title='bbox 731 1599 829 1660; x_wconf 82' lang='lat' dir='ltr'><strong>nolint</strong></span> <span class='ocrx_word' id='word_1_38' title='bbox 850 1599 940 1660; x_wconf 83' lang='lat' dir='ltr'><strong>etiam</strong></span> <span class='ocrx_word' id='word_1_39' title='bbox 963 1617 1010 1658; x_wconf 88' lang='lat' dir='ltr'><strong>mo</strong></span> <span class='ocrx_word' id='word_1_40' title='bbox 1031 1616 1117 1659; x_wconf 82' lang='lat' dir='ltr'><strong>noeee</strong></span> <span class='ocrx_word' id='word_1_41' title='bbox 1139 1599 1243 1675; x_wconf 83' lang='lat' dir='ltr'><strong>videri,</strong></span> 
     </span>
     <span class='ocr_line' id='line_1_9' title="bbox 543 1713 1201 1794; baseline 0.002 -22"><span class='ocrx_word' id='word_1_42' title='bbox 543 1713 603 1773; x_wconf 86' lang='lat' dir='ltr'><strong>Vix</strong></span> <span class='ocrx_word' id='word_1_43' title='bbox 624 1714 683 1775; x_wconf 84' lang='lat' dir='ltr'><strong>dno</strong></span> <span class='ocrx_word' id='word_1_44' title='bbox 704 1716 954 1794; x_wconf 78' lang='lat' dir='ltr'><strong>proieototreeve</strong></span> <span class='ocrx_word' id='word_1_45' title='bbox 974 1715 1085 1776; x_wconf 73' lang='lat' dir='ltr'><strong>tulistis</strong></span> <span class='ocrx_word' id='word_1_46' title='bbox 1105 1731 1201 1793; x_wconf 83' lang='lat' dir='ltr'><strong>opem.</strong></span> 
     </span>
     <span class='ocr_line' id='line_1_10' title="bbox 1079 1828 1422 1906; baseline -0.009 -16"><span class='ocrx_word' id='word_1_47' title='bbox 1079 1833 1130 1906; x_wconf 86' lang='lat' dir='ltr'><strong>(ax</strong></span> <span class='ocrx_word' id='word_1_48' title='bbox 1152 1830 1185 1890; x_wconf 90' lang='lat' dir='ltr'><strong>P.</strong></span> <span class='ocrx_word' id='word_1_49' title='bbox 1208 1829 1240 1888; x_wconf 95' lang='lat' dir='ltr'><strong>II</strong></span> <span class='ocrx_word' id='word_1_50' title='bbox 1262 1828 1422 1906; x_wconf 71' lang='lat' dir='ltr'><strong>ato-30)</strong></span> 
     </span>
     <span class='ocr_line' id='line_1_11' title="bbox 499 1946 1204 2025; baseline 0.001 -20"><span class='ocrx_word' id='word_1_51' title='bbox 499 1946 561 2005; x_wconf 86' lang='lat' dir='ltr'><strong>Nee</strong></span> <span class='ocrx_word' id='word_1_52' title='bbox 583 1964 636 2006; x_wconf 78' lang='lat' dir='ltr'><strong>voe</strong></span> <span class='ocrx_word' id='word_1_53' title='bbox 656 1963 750 2025; x_wconf 81' lang='lat' dir='ltr'><strong>parva</strong></span> <span class='ocrx_word' id='word_1_54' title='bbox 770 1947 848 2009; x_wconf 79' lang='lat' dir='ltr'><strong>datio</strong></span> <span class='ocrx_word' id='word_1_55' title='bbox 870 1947 957 2025; x_wconf 80' lang='lat' dir='ltr'><strong>penei</strong></span> <span class='ocrx_word' id='word_1_56' title='bbox 979 1947 1089 2007; x_wconf 75' lang='lat' dir='ltr'><strong>solania</strong></span> <span class='ocrx_word' id='word_1_57' title='bbox 1109 1947 1204 2018; x_wconf 82' lang='lat' dir='ltr'><strong>nobie,</strong></span> 
     </span>
     <span class='ocr_line' id='line_1_12' title="bbox 539 2061 1293 2142; baseline 0.001 -21"><span class='ocrx_word' id='word_1_58' title='bbox 539 2062 672 2131; x_wconf 84' lang='lat' dir='ltr'><strong>Quorum</strong></span> <span class='ocrx_word' id='word_1_59' title='bbox 694 2068 827 2140; x_wconf 80' lang='lat' dir='ltr'><strong>epeetata</strong></span> <span class='ocrx_word' id='word_1_60' title='bbox 847 2070 892 2125; x_wconf 81' lang='lat' dir='ltr'><strong>oet</strong></span> <span class='ocrx_word' id='word_1_61' title='bbox 913 2082 966 2142; x_wconf 84' lang='lat' dir='ltr'><strong>per</strong></span> <span class='ocrx_word' id='word_1_62' title='bbox 988 2061 1067 2122; x_wconf 86' lang='lat' dir='ltr'><strong>mala</strong></span> <span class='ocrx_word' id='word_1_63' title='bbox 1087 2067 1190 2122; x_wconf 71' lang='lat' dir='ltr'><strong>nostra</strong></span> <span class='ocrx_word' id='word_1_64' title='bbox 1210 2061 1293 2122; x_wconf 79' lang='lat' dir='ltr'><strong>lidae.</strong></span> 
     </span>
     <span class='ocr_line' id='line_1_13' title="bbox 1198 2177 1420 2254; baseline -0.005 -19"><span class='ocrx_word' id='word_1_65' title='bbox 1198 2177 1250 2254; x_wconf 77' lang='lat' dir='ltr'><strong>(ib.</strong></span> <span class='ocrx_word' id='word_1_66' title='bbox 1275 2177 1340 2237; x_wconf 55' lang='lat'><strong>281</strong></span> <span class='ocrx_word' id='word_1_67' title='bbox 1363 2184 1420 2254; x_wconf 83' lang='lat' dir='ltr'><strong>eq.)</strong></span> 
     </span>
     <span class='ocr_line' id='line_1_14' title="bbox 538 2292 1298 2367; baseline 0.001 -15"><span class='ocrx_word' id='word_1_68' title='bbox 538 2292 656 2354; x_wconf 82' lang='lat' dir='ltr'><strong>Mollior</strong></span> <span class='ocrx_word' id='word_1_69' title='bbox 677 2297 722 2352; x_wconf 78' lang='lat' dir='ltr'><strong>ott</strong></span> <span class='ocrx_word' id='word_1_70' title='bbox 742 2293 843 2356; x_wconf 82' lang='lat' dir='ltr'><strong>animo</strong></span> <span class='ocrx_word' id='word_1_71' title='bbox 864 2294 976 2355; x_wconf 84' lang='lat' dir='ltr'><strong>lemine</strong></span> <span class='ocrx_word' id='word_1_72' title='bbox 997 2293 1081 2354; x_wconf 83' lang='lat' dir='ltr'><strong>nulla</strong></span> <span class='ocrx_word' id='word_1_73' title='bbox 1102 2298 1152 2353; x_wconf 91' lang='lat' dir='ltr'><strong>tuo</strong></span> <span class='ocrx_word' id='word_1_74' title='bbox 1172 2293 1298 2367; x_wconf 82' lang='lat' dir='ltr'><strong>(Brute).</strong></span> 
     </span>
     <span class='ocr_line' id='line_1_15' title="bbox 498 2409 1303 2488; baseline -0.001 -20"><span class='ocrx_word' id='word_1_75' title='bbox 498 2409 562 2469; x_wconf 87' lang='lat' dir='ltr'><strong>Hoe</strong></span> <span class='ocrx_word' id='word_1_76' title='bbox 583 2427 639 2488; x_wconf 79' lang='lat' dir='ltr'><strong>ego</strong></span> <span class='ocrx_word' id='word_1_77' title='bbox 662 2409 820 2486; x_wconf 80' lang='lat' dir='ltr'><strong>praeeipne</strong></span> <span class='ocrx_word' id='word_1_78' title='bbox 840 2411 929 2488; x_wconf 77' lang='lat' dir='ltr'><strong>aenei,</strong></span> <span class='ocrx_word' id='word_1_79' title='bbox 950 2429 1017 2470; x_wconf 86' lang='lat' dir='ltr'><strong>enm</strong></span> <span class='ocrx_word' id='word_1_80' title='bbox 1040 2427 1148 2487; x_wconf 80' lang='lat' dir='ltr'><strong>magna</strong></span> <span class='ocrx_word' id='word_1_81' title='bbox 1170 2425 1303 2467; x_wconf 84' lang='lat' dir='ltr'><strong>meorum</strong></span> 
     </span>
     <span class='ocr_line' id='line_1_16' title="bbox 535 2525 1076 2603; baseline 0.002 -20"><span class='ocrx_word' id='word_1_82' title='bbox 535 2525 680 2586; x_wconf 75' lang='lat' dir='ltr'><strong>Notitiam</strong></span> <span class='ocrx_word' id='word_1_83' title='bbox 701 2544 770 2603; x_wconf 79' lang='lat' dir='ltr'><strong>para</strong></span> <span class='ocrx_word' id='word_1_84' title='bbox 794 2531 839 2587; x_wconf 81' lang='lat' dir='ltr'><strong>aet</strong></span> <span class='ocrx_word' id='word_1_85' title='bbox 859 2526 987 2586; x_wconf 82' lang='lat' dir='ltr'><strong>infitiata</strong></span> <span class='ocrx_word' id='word_1_86' title='bbox 1009 2526 1076 2585; x_wconf 91' lang='lat' dir='ltr'><strong>mei.</strong></span> 
     </span>
     <span class='ocr_line' id='line_1_17' title="bbox 495 2640 1351 2718; baseline -0.002 -20"><span class='ocrx_word' id='word_1_87' title='bbox 495 2641 655 2701; x_wconf 77' lang='lat' dir='ltr'><strong>Immemor</strong></span> <span class='ocrx_word' id='word_1_88' title='bbox 676 2640 805 2718; x_wconf 81' lang='lat' dir='ltr'><strong>illorum,</strong></span> <span class='ocrx_word' id='word_1_89' title='bbox 828 2643 918 2702; x_wconf 76' lang='lat' dir='ltr'><strong>ventri</strong></span> <span class='ocrx_word' id='word_1_90' title='bbox 940 2660 1000 2701; x_wconf 93' lang='lat' dir='ltr'><strong>non</strong></span> <span class='ocrx_word' id='word_1_91' title='bbox 1022 2642 1177 2700; x_wconf 86' lang='lat' dir='ltr'><strong>immemor</strong></span> <span class='ocrx_word' id='word_1_92' title='bbox 1198 2656 1351 2716; x_wconf 82' lang='lat' dir='ltr'><strong>umquam,</strong></span> 
     </span>
    </p>
   </div>
   <div class='ocr_carea' id='block_1_3' title="bbox 534 2756 1416 2946">
    <p class='ocr_par' dir='ltr' id='par_1_3' title="bbox 534 2756 1416 2946">
     <span class='ocr_line' id='line_1_18' title="bbox 534 2756 1174 2826; baseline -0.003 -10"><span class='ocrx_word' id='word_1_93' title='bbox 534 2756 592 2825; x_wconf 85' lang='lat' dir='ltr'><strong>Qui</strong></span> <span class='ocrx_word' id='word_1_94' title='bbox 616 2756 694 2816; x_wconf 86' lang='lat' dir='ltr'><strong>mala</strong></span> <span class='ocrx_word' id='word_1_95' title='bbox 714 2756 831 2817; x_wconf 71' lang='lat' dir='ltr'><strong>sollieiti</strong></span> <span class='ocrx_word' id='word_1_96' title='bbox 854 2762 957 2817; x_wconf 75' lang='lat' dir='ltr'><strong>nostra</strong></span> <span class='ocrx_word' id='word_1_97' title='bbox 976 2757 1094 2826; x_wconf 75' lang='lat' dir='ltr'><strong>levatio,</strong></span> <span class='ocrx_word' id='word_1_98' title='bbox 1115 2773 1174 2815; x_wconf 85' lang='lat' dir='ltr'><strong>ero.</strong></span> 
     </span>
     <span class='ocr_line' id='line_1_19' title="bbox 1061 2869 1416 2946; baseline -0.011 -16"><span class='ocrx_word' id='word_1_99' title='bbox 1061 2875 1112 2946; x_wconf 88' lang='lat' dir='ltr'><strong>(ax</strong></span> <span class='ocrx_word' id='word_1_100' title='bbox 1132 2870 1165 2929; x_wconf 85' lang='grc' dir='ltr'><strong>Ρ.</strong></span> <span class='ocrx_word' id='word_1_101' title='bbox 1188 2869 1232 2928; x_wconf 85' lang='lat' dir='ltr'><strong>IV</strong></span> <span class='ocrx_word' id='word_1_102' title='bbox 1255 2871 1416 2942; x_wconf 73' lang='lat' dir='ltr'><strong>eto-44)</strong></span> 
     </span>
    </p>
   </div>
   <div class='ocr_carea' id='block_1_4' title="bbox 330 3035 1454 3607">
    <p class='ocr_par' dir='ltr' id='par_1_4' title="bbox 330 3035 1454 3607">
     <span class='ocr_line' id='line_1_20' title="bbox 376 3035 1453 3128; baseline 0 -22"><span class='ocrx_word' id='word_1_103' title='bbox 376 3036 488 3107; x_wconf 78' lang='lat' dir='ltr'><strong>Erant</strong></span> <span class='ocrx_word' id='word_1_104' title='bbox 529 3039 636 3107; x_wconf 85' lang='lat' dir='ltr'><strong>etiem</strong></span> <span class='ocrx_word' id='word_1_105' title='bbox 683 3038 755 3128; x_wconf 87' lang='lat' dir='ltr'><strong>qui,</strong></span> <span class='ocrx_word' id='word_1_106' title='bbox 790 3059 872 3109; x_wconf 87' lang='lat' dir='ltr'><strong>com</strong></span> <span class='ocrx_word' id='word_1_107' title='bbox 907 3040 942 3107; x_wconf 90' lang='lat' dir='ltr'><strong>in</strong></span> <span class='ocrx_word' id='word_1_108' title='bbox 980 3039 1055 3127; x_wconf 87' lang='lat' dir='ltr'><strong>ipsa</strong></span> <span class='ocrx_word' id='word_1_109' title='bbox 1085 3039 1313 3107; x_wconf 79' lang='lat' dir='ltr'><strong>damnatione</strong></span> <span class='ocrx_word' id='word_1_110' title='bbox 1348 3035 1453 3106; x_wconf 85' lang='lat' dir='ltr'><strong>tidem</strong></span> 
     </span>
     <span class='ocr_line' id='line_1_21' title="bbox 333 3161 1454 3252; baseline 0.001 -23"><span class='ocrx_word' id='word_1_111' title='bbox 333 3170 543 3249; x_wconf 82' lang='lat' dir='ltr'><strong>servassent,</strong></span> <span class='ocrx_word' id='word_1_112' title='bbox 582 3170 702 3252; x_wconf 85' lang='lat' dir='ltr'><strong>postea</strong></span> <span class='ocrx_word' id='word_1_113' title='bbox 736 3161 895 3236; x_wconf 87' lang='lat' dir='ltr'><strong>infideles</strong></span> <span class='ocrx_word' id='word_1_114' title='bbox 929 3164 1013 3232; x_wconf 84' lang='lat' dir='ltr'><strong>laeti</strong></span> <span class='ocrx_word' id='word_1_115' title='bbox 1050 3169 1177 3243; x_wconf 84' lang='lat' dir='ltr'><strong>essent,</strong></span> <span class='ocrx_word' id='word_1_116' title='bbox 1212 3168 1252 3230; x_wconf 90' lang='lat' dir='ltr'><strong>ut</strong></span> <span class='ocrx_word' id='word_1_117' title='bbox 1285 3161 1344 3231; x_wconf 82' lang='lat' dir='ltr'><strong>Tr.</strong></span> <span class='ocrx_word' id='word_1_118' title='bbox 1380 3162 1454 3231; x_wconf 83' lang='lat' dir='ltr'><strong>vo</strong></span> 
     </span>
     <span class='ocr_line' id='line_1_22' title="bbox 331 3285 1448 3378; baseline -0.001 -23"><span class='ocrx_word' id='word_1_119' title='bbox 331 3289 493 3375; x_wconf 78' lang='lat' dir='ltr'><strong>queritur</strong></span> <span class='ocrx_word' id='word_1_120' title='bbox 532 3289 575 3357; x_wconf 91' lang='lat' dir='ltr'><strong>de</strong></span> <span class='ocrx_word' id='word_1_121' title='bbox 610 3290 733 3372; x_wconf 82' lang='lat' dir='ltr'><strong>amieo,</strong></span> <span class='ocrx_word' id='word_1_122' title='bbox 769 3289 830 3378; x_wconf 91' lang='lat' dir='ltr'><strong>qui</strong></span> <span class='ocrx_word' id='word_1_123' title='bbox 864 3295 951 3359; x_wconf 87' lang='lat' dir='ltr'><strong>tunc</strong></span> <span class='ocrx_word' id='word_1_124' title='bbox 986 3288 1130 3356; x_wconf 88' lang='lat' dir='ltr'><strong>demum</strong></span> <span class='ocrx_word' id='word_1_125' title='bbox 1165 3285 1323 3355; x_wconf 85' lang='lat' dir='ltr'><strong>descivit.</strong></span> <span class='ocrx_word' id='word_1_126' title='bbox 1372 3285 1448 3355; x_wconf 91' lang='lat' dir='ltr'><strong>Non</strong></span> 
     </span>
     <span class='ocr_line' id='line_1_23' title="bbox 330 3411 1452 3500; baseline 0.001 -23"><span class='ocrx_word' id='word_1_127' title='bbox 330 3411 460 3481; x_wconf 80' lang='lat' dir='ltr'><strong>iratum</strong></span> <span class='ocrx_word' id='word_1_128' title='bbox 496 3433 532 3482; x_wconf 90' lang='lat' dir='ltr'><strong>se</strong></span> <span class='ocrx_word' id='word_1_129' title='bbox 567 3415 610 3482; x_wconf 89' lang='lat' dir='ltr'><strong>iis</strong></span> <span class='ocrx_word' id='word_1_130' title='bbox 640 3434 715 3482; x_wconf 87' lang='lat' dir='ltr'><strong>esse</strong></span> <span class='ocrx_word' id='word_1_131' title='bbox 747 3413 869 3482; x_wconf 79' lang='lat' dir='ltr'><strong>scribit</strong></span> <span class='ocrx_word' id='word_1_132' title='bbox 904 3413 1058 3481; x_wconf 84' lang='lat' dir='ltr'><strong>Maximo</strong></span> <span class='ocrx_word' id='word_1_133' title='bbox 1092 3411 1225 3494; x_wconf 81' lang='lat' dir='ltr'><strong>Cottae,</strong></span> <span class='ocrx_word' id='word_1_134' title='bbox 1263 3412 1323 3500; x_wconf 89' lang='lat' dir='ltr'><strong>qui</strong></span> <span class='ocrx_word' id='word_1_135' title='bbox 1362 3411 1452 3478; x_wconf 90' lang='lat' dir='ltr'><strong>lidus</strong></span> 
     </span>
     <span class='ocr_line' id='line_1_24' title="bbox 332 3548 568 3607; baseline 0.017 -5"><span class='ocrx_word' id='word_1_136' title='bbox 332 3548 568 3607; x_wconf 78' lang='lat' dir='ltr'><strong>remanserat:</strong></span> 
     </span>
    </p>
   </div>
   <div class='ocr_carea' id='block_1_5' title="bbox 484 3715 1280 4360">
    <p class='ocr_par' dir='ltr' id='par_1_5' title="bbox 484 3715 1280 4360">
     <span class='ocr_line' id='line_1_25' title="bbox 694 3715 1089 3795; baseline -0.01 -17"><span class='ocrx_word' id='word_1_137' title='bbox 694 3759 731 3778; x_wconf 87' lang='lat'><strong>..</strong></span> <span class='ocrx_word' id='word_1_138' title='bbox 755 3763 761 3776; x_wconf 94' lang='lat'>.</span> <span class='ocrx_word' id='word_1_139' title='bbox 785 3765 790 3780; x_wconf 92' lang='lat'>.</span> <span class='ocrx_word' id='word_1_140' title='bbox 813 3718 999 3795; x_wconf 77' lang='lat' dir='ltr'><strong>lgnoaoimua</strong></span> <span class='ocrx_word' id='word_1_141' title='bbox 1020 3715 1089 3786; x_wconf 81' lang='lat' dir='ltr'><strong>illie,</strong></span> 
     </span>
     <span class='ocr_line' id='line_1_26' title="bbox 527 3813 1242 3911; baseline 0 -19"><span class='ocrx_word' id='word_1_142' title='bbox 527 3832 584 3902; x_wconf 86' lang='lat' dir='ltr'><strong>Qui</strong></span> <span class='ocrx_word' id='word_1_143' title='bbox 605 3851 671 3892; x_wconf 91' lang='lat' dir='ltr'><strong>oum</strong></span> <span class='ocrx_word' id='word_1_144' title='bbox 693 3832 814 3894; x_wconf 76' lang='lat' dir='ltr'><strong>fortuna</strong></span> <span class='ocrx_word' id='word_1_145' title='bbox 836 3840 921 3911; x_wconf 82' lang='lat' dir='ltr'><strong>terga</strong></span> <span class='ocrx_word' id='word_1_146' title='bbox 942 3833 1050 3892; x_wconf 84' lang='lat' dir='ltr'><strong>dedere</strong></span> <span class='ocrx_word' id='word_1_147' title='bbox 1071 3813 1242 3907; x_wconf 50' lang='lat' dir='ltr'><strong>lugeo...)</strong></span> 
     </span>
     <span class='ocr_line' id='line_1_27' title="bbox 486 3947 1280 4026; baseline 0 -20"><span class='ocrx_word' id='word_1_148' title='bbox 486 3947 534 4006; x_wconf 84' lang='lat' dir='ltr'><strong>lio</strong></span> <span class='ocrx_word' id='word_1_149' title='bbox 555 3966 675 4026; x_wconf 85' lang='lat' dir='ltr'><strong>quoqne</strong></span> <span class='ocrx_word' id='word_1_150' title='bbox 694 3949 856 4010; x_wconf 75' lang='lat' dir='ltr'><strong>amicorum</strong></span> <span class='ocrx_word' id='word_1_151' title='bbox 878 3949 970 4008; x_wconf 90' lang='lat' dir='ltr'><strong>nimio</strong></span> <span class='ocrx_word' id='word_1_152' title='bbox 992 3951 1106 4007; x_wconf 84' lang='lat' dir='ltr'><strong>terrore</strong></span> <span class='ocrx_word' id='word_1_153' title='bbox 1128 3950 1280 4023; x_wconf 86' lang='lat' dir='ltr'><strong>metuque,</strong></span> 
     </span>
     <span class='ocr_line' id='line_1_28' title="bbox 526 4063 1109 4143; baseline -0.005 -20"><span class='ocrx_word' id='word_1_154' title='bbox 526 4063 593 4124; x_wconf 86' lang='lat' dir='ltr'><strong>Non</strong></span> <span class='ocrx_word' id='word_1_155' title='bbox 614 4065 691 4142; x_wconf 89' lang='lat' dir='ltr'><strong>odio,</strong></span> <span class='ocrx_word' id='word_1_156' title='bbox 713 4065 835 4143; x_wconf 85' lang='lat' dir='ltr'><strong>quidam</strong></span> <span class='ocrx_word' id='word_1_157' title='bbox 857 4065 1021 4125; x_wconf 76' lang='lat' dir='ltr'><strong>destituere</strong></span> <span class='ocrx_word' id='word_1_158' title='bbox 1042 4063 1109 4122; x_wconf 86' lang='lat' dir='ltr'><strong>mai.</strong></span> 
     </span>
     <span class='ocr_line' id='line_1_29' title="bbox 484 4178 1153 4259; baseline -0.003 -21"><span class='ocrx_word' id='word_1_159' title='bbox 484 4179 551 4240; x_wconf 86' lang='lat' dir='ltr'><strong>Non</strong></span> <span class='ocrx_word' id='word_1_160' title='bbox 573 4181 632 4242; x_wconf 79' lang='lat' dir='ltr'><strong>illio</strong></span> <span class='ocrx_word' id='word_1_161' title='bbox 653 4182 758 4259; x_wconf 74' lang='lat' dir='ltr'><strong>pietat,</strong></span> <span class='ocrx_word' id='word_1_162' title='bbox 779 4201 839 4242; x_wconf 91' lang='lat' dir='ltr'><strong>non</strong></span> <span class='ocrx_word' id='word_1_163' title='bbox 861 4180 993 4241; x_wconf 79' lang='lat' dir='ltr'><strong>ollioioaa</strong></span> <span class='ocrx_word' id='word_1_164' title='bbox 1014 4178 1153 4239; x_wconf 78' lang='lat' dir='ltr'><strong>voluntas</strong></span> 
     </span>
     <span class='ocr_line' id='line_1_30' title="bbox 527 4295 1096 4360; baseline -0.002 -6"><span class='ocrx_word' id='word_1_165' title='bbox 527 4295 645 4356; x_wconf 82' lang='lat' dir='ltr'><strong>Doluit:</strong></span> <span class='ocrx_word' id='word_1_166' title='bbox 665 4299 807 4360; x_wconf 79' lang='lat' dir='ltr'><strong>advenoo</strong></span> <span class='ocrx_word' id='word_1_167' title='bbox 827 4298 994 4357; x_wconf 85' lang='lat' dir='ltr'><strong>extimuere</strong></span> <span class='ocrx_word' id='word_1_168' title='bbox 1017 4295 1096 4355; x_wconf 76' lang='lat' dir='ltr'><strong>deos.</strong></span> 
     </span>
    </p>
   </div>
   <div class='ocr_carea' id='block_1_6' title="bbox 486 4409 1322 4548">
    <p class='ocr_par' dir='ltr' id='par_1_6' title="bbox 486 4409 1322 4548">
     <span class='ocr_line' id='line_1_31' title="bbox 486 4409 1322 4548; baseline -0.004 -78"><span class='ocrx_word' id='word_1_169' title='bbox 486 4410 585 4489; x_wconf 84' lang='lat' dir='ltr'><strong>thue</strong></span> <span class='ocrx_word' id='word_1_170' title='bbox 608 4414 703 4492; x_wconf 77' lang='lat' dir='ltr'><strong>magia</strong></span> <span class='ocrx_word' id='word_1_171' title='bbox 723 4413 804 4474; x_wconf 80' lang='lat' dir='ltr'><strong>oanti</strong></span> <span class='ocrx_word' id='word_1_172' title='bbox 824 4414 938 4492; x_wconf 80' lang='lat' dir='ltr'><strong>poenint</strong></span> <span class='ocrx_word' id='word_1_173' title='bbox 958 4410 1114 4488; x_wconf 89' lang='lat' dir='ltr'><strong>timidique</strong></span> <span class='ocrx_word' id='word_1_174' title='bbox 1133 4409 1237 4486; x_wconf 78' lang='lat' dir='ltr'><strong>videri,</strong></span> <span class='ocrx_word' id='word_1_175' title='bbox 1287 4493 1322 4548; x_wconf 65' lang='lat'><strong>13</strong></span> 
     </span>
    </p>
   </div>
   <div class='ocr_carea' id='block_1_7' title="bbox 0 0 1894 5488">
    <p class='ocr_par' dir='ltr' id='par_1_7' title="bbox 0 0 1894 5488">
     <span class='ocr_line' id='line_1_32' title="bbox 0 0 1894 5488; baseline 0 12"><span class='ocrx_word' id='word_1_176' title='bbox 0 0 1894 5488; x_wconf 95' lang='lat' dir='ltr'><strong> </strong></span> 
     </span>
    </p>
   </div>
  </div>
 </body>
</html>
