3778 5488
379 884 564 953 Brutus:

493 1027 519 1087 Ο
544 1026 616 1086 mihi
637 1045 706 1086 aare
725 1025 846 1104 quidem
868 1046 994 1105 semper,
1016 1026 1067 1087 aed
1089 1032 1222 1106 tempore
1242 1028 1318 1088 duro

533 1142 669 1220 Cognita,
691 1139 738 1202 roi
759 1147 916 1220 postquam
938 1142 1122 1220 procubuere
1143 1162 1306 1205 meae.

492 1259 579 1319 Nune
600 1276 719 1336 quoque
739 1262 921 1318 summotum
941 1258 1040 1319 aiudio
1061 1258 1197 1320 defendis
1217 1259 1355 1337 amicum,

533 1374 571 1433 Et
592 1373 671 1434 mala
691 1372 744 1432 vix
765 1371 827 1433 ulla
848 1379 933 1452 parte
954 1374 1083 1436 levanda
1102 1375 1194 1436 levae.

1000 1491 1062 1563 (Tr.
1083 1490 1132 1549 III
1152 1492 1199 1550 4.1
1222 1510 1277 1569 aq.,
1298 1493 1333 1550 4l
1357 1493 1415 1572 aq.)

531 1606 558 1666 0
581 1605 653 1664 mihi
675 1623 734 1665 non
756 1605 848 1665 dubia
867 1606 987 1682 cognite
1008 1605 1101 1665 Brute
1122 1610 1204 1665 nota.

491 1721 568 1782 Nam
592 1741 659 1782 eum
681 1722 864 1799 praestiteria
885 1740 989 1781 verum
1014 1720 1086 1780 mihi
1108 1739 1225 1800 semper
1244 1741 1386 1800 amorem,

532 1838 589 1899 Hie
610 1842 710 1898 tamen
731 1838 858 1898 adverae
879 1842 1013 1916 tempore
1033 1837 1128 1897 erevit
1148 1855 1241 1899 amor.

1058 1953 1163 2029 (011³.
1185 1955 1230 2013 1v
1251 1956 1413 2032 aee-24)

376 2033 537 2104 Carus:

491 2177 557 2248 Qua
568 2181 660 2255 potes,
671 2195 782 2237 exeuaa
792 2177 930 2251 (erimina
940 2181 1026 2253 mea),
1038 2195 1092 2237 nee
1103 2177 1190 2237 amiei
1202 2176 1305 2238 deaere
1315 2182 1450 2238 eausam!

531 2293 597 2363 Qua
619 2293 693 2355 bene
714 2292 845 2370 eoepiati‚
866 2293 909 2352 aie
930 2293 1006 2352 bene
1028 2311 1145 2371 semper
1165 2311 1224 2353 aaa.

1142 2407 1205 2486 (Tr.
1227 2409 1242 2466 I
1263 2409 1332 2468 aad
1353 2410 1411 2488 aq.)

493 2524 535 2586 Ut
555 2523 658 2596 decidi,
678 2524 837 2600 eunetique
858 2526 939 2582 metu
959 2523 1064 2601 ingere
1085 2525 1212 2595 ruinam,

530 2640 685 2718 veraeque
705 2638 854 2699 amicitiae
874 2643 960 2717 terga
980 2639 1089 2700 dedere
1110 2658 1202 2712 meae,

493 2757 591 2817 Anaua
612 2773 644 2816 ee
664 2755 735 2834 igne
756 2755 837 2814 Iovia
858 2773 1028 2833 percussum
1050 2762 1174 2836 tangere
1195 2775 1320 2834 eorpus.
1334 2803 1340 2817 .
1354 2804 1379 2818 ..

492 2873 549 2950 Spe
570 2872 673 2932 trahor
694 2871 815 2949 exigua,
835 2889 925 2949 quam
947 2875 980 2932 in
1001 2872 1074 2931 mihi
1095 2873 1214 2933 demere
1234 2874 1296 2934 noli

529 2988 640 3048 Tristia
659 2986 748 3046 leniri
769 2987 895 3047 numina
914 3005 1000 3066 poaae
1020 2987 1078 3049 dei.

489 3103 548 3162 Seu
569 3106 682 3162 temere
701 3107 835 3179 expecto,
860 3103 923 3163 aive
943 3103 974 3162 id
995 3104 1169 3180 eontingere
1191 3102 1237 3163 iae
1257 3109 1311 3172 eei.

531 3217 576 3277 Tu
599 3217 682 3294 mihi,
703 3216 781 3295 qnod
803 3218 899 3296 dupio,
920 3217 975 3288 iaa,
996 3235 1107 3297 precor,
1128 3237 1192 3279 eaae
1213 3221 1315 3296 proba,

489 3333 632 3411 Quaeque
654 3333 708 3392 tibi
730 3331 852 3411 iingnae
873 3332 1022 3410 iaeundia,
1043 3333 1145 3394 eonier
1165 3334 1197 3393 in
1218 3334 1303 3406 illud,

529 3446 571 3508 Ut
591 3446 697 3507 doeeaa
718 3451 818 3507 votum
842 3466 927 3526 ponae
949 3448 1049 3509 valere
1071 3467 1179 3508 meum.

989 3564 1051 3639 (Tr.
1073 3565 1121 3623 III
1142 3565 1262 3643 5.5-⁷,
1283 3567 1414 3642 25-30)

488 3679 514 3740 0
536 3679 608 3739 mihi
630 3697 688 3739 non
710 3679 817 3739 dubiae
836 3681 915 3740 inter
936 3679 1126 3740 memorande
1146 3682 1339 3743 sodalem...

527 3795 586 3854 Per
607 3813 666 3855 non
689 3795 748 3856 vile
769 3795 824 3855 tibi
844 3814 961 3856 nemeenv
973 3797 1123 3857 amieitiae
1134 3840 1142 3856 .
1155 3845 1161 3857 .
1175 3841 1203 3857 ..

493 3911 612 3982 Quanta
632 3915 725 3989 potae,
746 3910 855 3988 praebe
875 3917 994 3971 noairae
1017 3918 1166 3972 momenta
1185 3912 1284 3989 aelati,

534 4026 617 4096 Quae
638 4025 696 4086 niai
718 4030 832 4086 mutato
853 4024 937 4086 nuila
957 4026 1059 4087 futura
1079 4027 1142 4088 loeo
1163 4033 1216 4089 eet.

928 4146 980 4217 (ex
1002 4143 1035 4202 P.
1058 4143 1101 4202 [v
1126 4147 1202 4220 13.1‚
1223 4146 1273 4221 44,
1295 4147 1333 4204 49
1354 4149 1412 4224 eqd

379 4237 554 4308 Celsus:

492 4382 519 4442 Ο
541 4381 617 4441 mihi
638 4387 704 4460 poet
723 4382 821 4443 nuiloa
841 4402 983 4461 umquam
1005 4384 1196 4444 memorande
1215 4385 1341 4461 aodaiaa,
