3734 5518
867 698 909 768 31

329 897 558 986 studiumque
582 895 730 966 contulit
753 895 904 965 Verrina
926 895 1161 978 accusatione,
1185 895 1245 963 sed
1258 896 1326 964 nisi
1339 897 1451 965 maior

329 1021 520 1090 necessitas
554 1019 724 1105 alluisset,
759 1019 888 1089 Verres
924 1060 963 1068 —
995 1027 1035 1088 ut
1057 1027 1162 1088 antea
1186 1018 1248 1088 (ln.
1274 1019 1452 1088 Dolabella

330 1151 365 1214 et
399 1144 435 1214 (l.
472 1145 649 1214 Antonius
682 1167 703 1214 a
738 1144 887 1214 Caesare
923 1145 1079 1214 accusati
1107 1183 1151 1194 -
1175 1144 1263 1213 liber
1285 1143 1453 1213 dimissus

331 1269 456 1338 luisset
471 1269 511 1358 ¹).
536 1268 614 1337 Non
640 1270 775 1338 minore
799 1277 919 1338 tamen
944 1269 1120 1338 industria
1139 1276 1258 1338 orator
1270 1271 1451 1360 negotium

330 1394 486 1484 suscepit
508 1401 617 1483 atque
641 1395 748 1462 etiam
774 1395 921 1463 vanitati
944 1413 1029 1462 suae
1055 1395 1124 1460 vim
1136 1393 1256 1462 attulit
1267 1394 1453 1483 splendore

333 1527 523 1608 perpetuae
546 1519 715 1587 orationis
739 1520 893 1599 dimisso,
918 1524 959 1587 ut
981 1520 1075 1587 intra
1095 1539 1229 1586 annum
1251 1539 1395 1587 causam
1408 1518 1451 1586 ad

335 1641 439 1710 linem
465 1642 658 1733 perducere
684 1649 800 1730 posset
824 1642 940 1731 (Verr.
965 1642 980 1709 I
1002 1641 1128 1731 2029).

377 1767 424 1835 At
448 1788 517 1836 uon
542 1767 657 1837 solum
681 1769 765 1857 quia
789 1768 863 1858 ipse
888 1767 1098 1836 auctoritate
1111 1767 1271 1849 creverit,
1284 1765 1405 1835 Cicero
1418 1767 1452 1833 in

335 1891 466 1960 ultimis
484 1893 713 1961 Verrinarum
728 1893 903 1982 capitibus
917 1892 959 1960 de
977 1891 1188 1960 adversariis
1201 1891 1399 1978 triumphat
1410 1929 1454 1938 -

331 2017 438 2084 etiarn
470 2017 655 2085 consilium
687 2037 790 2085 suum
821 2015 1035 2104 reipublicae
1058 2017 1237 2103 gerundae
1261 2014 1350 2084 bene
1374 2035 1456 2104 pro·
1497 2077 1501 2084 .

337 2146 471 2208 motum
496 2141 612 2209 sentit.
636 2142 737 2211 Ratio
761 2143 855 2210 enim
882 2142 967 2210 haec
991 2140 1114 2208 similis
1126 2140 1199 2208 lere
1211 2146 1289 2208 erat
1299 2141 1455 2229 imagini,

335 2285 443 2353 quam
462 2265 629 2354 Polybius
653 2266 690 2351 (l.
706 2266 767 2353 Vl)
781 2265 948 2354 depinxit,
962 2265 1113 2335 civitatis
1125 2264 1303 2333 Romanae
1319 2271 1455 2354 tempo·

336 2387 434 2456 ribus
457 2388 671 2479 Scipionum.
697 2388 863 2478 Polybius
887 2390 1059 2479 optimum
1079 2389 1225 2478 putabat
1239 2390 1455 2458 consortium

336 2513 445 2580 trium
468 2513 744 2583 elementorum:
770 2515 1041 2604 magistratuum
1065 2512 1244 2603 —quales
1257 2521 1346 2583 tunc·
1355 2519 1457 2582 erant

339 2637 403 2705 viri
427 2637 463 2705 in
487 2639 583 2706 omni
606 2658 735 2728 genere
747 2638 1062 2707 administrationis
1075 2638 1276 2727 peritissimi
1291 2677 1342 2722 -,
1355 2657 1457 2705 seua·

337 2765 406 2843 tus,
430 2761 601 2850 equitum.
626 2761 747 2830 Cicero
769 2761 940 2831 hactenus
951 2783 993 2832 ea
1007 2763 1165 2845 mutarit,
1179 2767 1219 2830 ut
1231 2763 1458 2850 magistratus

337 2890 373 2952 et
396 2890 576 2953 senatores
588 2886 827 2974 coniungeret,
840 2887 995 2956 secundo
1008 2885 1083 2956 loco
1099 2893 1245 2976 poneret
1256 2894 1455 2975 equestrem

338 3009 509 3093 ordinem,
542 3011 675 3100 plebeio
709 3011 834 3095 ordini,
858 3011 891 3079 id
916 3018 979 3095 est,
1004 3011 1166 3101 populari
1188 3012 1343 3084 factioni.
1367 3033 1457 3102 quae

342 3132 475 3222 Polybii
509 3134 729 3224 temporibus
763 3134 921 3203 noudum
952 3134 1113 3204 exstabat
1138 3136 1178 3222 2),
1218 3137 1362 3204 tertium
1397 3135 1458 3204 lle·

340 3258 487 3326 stinaret
499 3258 627 3327 locum.
640 3257 704 3327 Hic
718 3259 832 3347 primo
844 3277 971 3347 scopus
983 3259 1235 3346 cogitationum
1247 3259 1325 3339 luit,
1337 3265 1459 3349 postea

342 3402 433 3466 vero,
458 3402 538 3452 cum
564 3382 741 3472 perspexit
764 3381 1018 3471 rempublicam
1040 3381 1115 3450 sine
1128 3381 1272 3473 Pompei
1285 3384 1459 3472 praesidio

342 3512 435 3574 stare
466 3527 536 3574 non
561 3526 673 3596 posse,
695 3507 732 3575 in
757 3506 855 3575 libris
880 3507 924 3576 de
950 3528 989 3575 re
1013 3507 1164 3596 publica,
1187 3528 1218 3576 a.
1243 3507 1460 3597 adscriptis,

343 3627 600 3700 Aristotelicum
614 3631 793 3720 quandam
805 3631 1093 3700 constitutionem
1109 3631 1176 3701 sibi
1187 3632 1309 3700 linxit:
1323 3632 1460 3721 „placet

386 3944 414 4015 l)
455 3941 513 4003 Cic.
535 3941 623 4003 terr.
646 3941 670 4002 V
692 3944 765 4004 llo:
789 3942 849 4019 „lle
870 3942 1006 4002 omnibus
1029 3941 1121 4014 nobis,
1142 3943 1167 4004 si
1188 3943 1238 4023 qui
1260 3943 1404 4005 tantulum
1425 3941 1461 4003 de

344 4065 420 4118 rectu
451 4057 566 4136 regione
597 4057 754 4129 deflexerit,
787 4076 843 4119 non
866 4057 915 4118 illa
948 4057 1029 4120 tacita
1061 4057 1245 4130 existimatio,
1269 4065 1459 4138 querudulas

344 4181 527 4234 contemnere
556 4173 701 4247 solebatis,
733 4173 781 4234 sed
814 4174 968 4235 vehemens
999 4193 1031 4235 ac
1062 4174 1185 4236 liberum
1218 4172 1317 4254 populi
1341 4173 1461 4234 Romani

347 4286 488 4349 iudicium
509 4289 731 4368 consequetur.’'
753 4289 789 4350 cl.
811 4288 1003 4350 Mommsen
1025 4307 1052 4369 p.
1075 4291 1203 4350 96-97.

388 4405 418 4479 ἓ)
460 4402 594 4464 Nissen
617 4403 724 4465 Histor.
745 4403 866 4465 Zaitsclr.
891 4407 930 4464 ll
951 4407 1054 4480 (l880)
1075 4423 1102 4484 p.
1123 4406 1192 4465 tlt.
