3792 5486
881 721 945 791 tat

355 920 562 989 libertorum
587 920 794 1009 corporibus
817 921 952 989 obtexit
970 922 1145 1009 vitamque
1158 928 1233 988 tum
1248 940 1348 988 suam
1363 920 1476 988 noctis

355 1053 390 1112 et
426 1044 530 1134 fugae
565 1047 749 1135 praesidio,
786 1067 853 1114 non
879 1047 967 1115 iuris
990 1047 1272 1134 iudiciorumque
1297 1043 1474 1112 defendit''

355 1169 435 1258 (pro
470 1170 558 1239 Sest.
593 1169 646 1238 76.
679 1169 730 1239 Of.
755 1169 845 1239 Piut.
870 1170 940 1240 Cic.
963 1169 1033 1259 33).
1058 1169 1245 1238 Praeterea
1270 1168 1473 1257 Pompeium

356 1294 452 1376 adiit,
477 1303 516 1364 ut
542 1317 603 1383 pro
628 1295 746 1364 Marco
759 1295 852 1384 apud
867 1295 1052 1364 Gaesarem
1066 1307 1196 1380 ageret,
1210 1315 1281 1382 qua
1293 1294 1475 1362 occasione

356 1420 583 1509 spopondisse
609 1421 757 1501 videtur,
783 1420 868 1487 nibil
889 1420 994 1497 bunc,
1018 1421 1048 1487 si
1072 1422 1105 1487 in
1133 1420 1281 1509 patriam
1307 1418 1476 1486 reductus

355 1553 458 1625 esset,
504 1551 627 1614 contra
673 1553 751 1614 acta
797 1545 955 1615 Caesaris
1000 1565 1076 1612 esse
1119 1545 1297 1612 factorum
1344 1541 1402 1628 (ud
1450 1541 1474 1609 f.

359 1669 533 1758 laot-
899 1741 902 1750 Δ

400 1793 450 1862 Ea
485 1794 527 1861 de
562 1793 739 1863 Ciceronis
774 1795 1125 1883 propinquorumque
1148 1812 1293 1860 suorum
1321 1792 1471 1859 necessi·

355 1918 478 1986 tudine
509 1919 656 2000 sincera,
680 1919 786 1996 ciera,
811 1919 1006 2007 perspicua,
1033 1938 1168 1986 necnon
1193 1917 1236 1984 ad
1261 1935 1473 2004 cognoscen-

358 2043 441 2110 dum
465 2042 620 2111 iucunda
644 2053 745 2125 sunt3
771 2041 923 2109 Ovidii
940 2042 1133 2120 enuntiata,
1149 2041 1288 2130 publico
1301 2041 1475 2110 destinata

358 2167 595 2257 meditateque
631 2169 839 2256 conscripta,
874 2172 977 2236 caute
1012 2173 1045 2235 et
1074 2165 1267 2257 prudenter
1290 2166 1475 2234 tractanda

357 2306 458 2377 sunt3
483 2312 564 2360 nam
591 2298 713 2381 poetae
737 2291 901 2379 querelae
927 2312 996 2359 non
1017 2291 1121 2359 fidem
1138 2289 1473 2373 verisaceresolent‚

356 2419 522 2507 quoniam
536 2419 571 2486 in
585 2418 801 2488 carminibus
813 2436 869 2486 res
881 2417 1094 2486 iniucundae
1109 2415 1161 2484 vel
1176 2417 1291 2484 minus
1306 2419 1471 2484 honestae

359 2542 461 2631 vulgo
484 2543 731 2625 obscurantur,
757 2543 848 2610 maia
872 2563 923 2626 ea,
948 2561 1038 2630 quae
1057 2539 1475 2630 proloeiscommunibus

358 2688 434 2736 esse
457 2674 615 2757 possunt,
638 2669 673 2736 in
701 2668 814 2736 maius
836 2667 1063 2736 extolluntur.

402 2791 537 2872 Quibus
572 2793 773 2882 praemissis
806 2812 849 2860 ea
872 2811 1190 2860 commemoremus
1213 2811 1304 2880 quae
1329 2790 1476 2859 Ovidius

358 2917 400 2984 de
424 2918 743 2986 necessitudinibus
766 2917 839 2986 suis
862 2916 962 2985 nobis
985 2918 1134 3005 aperuit.
1527 2893 1529 2900 ⁵

403 3041 531 3126 Uxor,
556 3062 663 3129 quam
689 3043 829 3111 tertiam
854 3042 962 3110 fuisse
987 3061 1094 3130 supra
1110 3041 1269 3122 vidimus,
1282 3041 1318 3107 in
1331 3040 1474 3107 exitium

358 3187 439 3235 eum
474 3168 641 3237 comitata
678 3188 746 3236 non
784 3174 847 3250 est,
882 3187 1099 3256 quamquam
1138 3164 1309 3233 volentem
1334 3185 1412 3232 eam
1437 3185 1474 3231 se

358 3291 561 3381 praebuisse
585 3293 659 3381 ipse
683 3293 853 3360 affirmat:

460 3499 544 3574 „Non
567 3503 650 3576 potes
670 3495 769 3555 avelli.
791 3495 879 3554 simui
900 3496 978 3571 binc,
1000 3495 1088 3555 simui
1110 3496 1237 3555 ibimus''
1259 3497 1373 3574 inquit:

500 3615 557 3690 „Te
577 3632 685 3691 sequar
706 3619 735 3672 et
756 3613 888 3671 coniunx
909 3611 1007 3671 exulis
1029 3610 1099 3671 exui
1122 3630 1182 3671 ero.

460 3730 497 3788 ut
519 3729 591 3788 mibi
613 3729 691 3788 facta
712 3729 762 3787 via
783 3734 836 3798 eat,
857 3733 887 3786 ot
908 3746 954 3786 mo
974 3729 1054 3804 capit
1074 3727 1180 3787 ultima
1202 3727 1305 3787 tatius:

499 3843 644 3904 Accedam
666 3843 810 3921 profugae
831 3844 946 3902 sarcina
967 3861 1062 3920 parra
1083 3843 1149 3903 rati.

462 3961 505 4020 Te
525 3959 609 4020 iubet
629 3978 647 4019 a
668 3957 764 4037 patria
784 3958 935 4018 discedere
955 3958 1091 4018 Caesaris
1111 3960 1166 4036 ira,

501 4075 549 4134 Me
571 4075 675 4153 pietas.
697 4076 791 4153 piatas
811 4075 884 4134 baec
906 4074 979 4133 mibi
999 4074 1110 4134 Caesar
1129 4074 1216 4134 erit.''

459 4189 544 4250 Talia
564 4192 736 4269 temptabat,
758 4191 834 4250 sieut
854 4195 1054 4268 temptaverat
1073 4196 1152 4261 ante,

498 4307 619 4384 Vixque
640 4305 721 4366 dedit
744 4308 837 4366 vietae
859 4306 988 4366 utilitate
1011 4325 1126 4366 manns.

747 4422 809 4501 (Tr.
830 4423 846 4480 1
868 4423 1024 4483 aet-88.
1046 4421 1091 4482 Of.
1114 4423 1128 4479 1
1151 4423 1216 4480 241
1239 4420 1319 4480 inira
1339 4420 1430 4494 laud.)
