3792 5486
997 704 1064 773 118

468 905 630 973 Pisonem
659 910 818 973 nostrum
856 904 1004 973 miriiico
1026 922 1101 972 esse
1125 902 1242 971 studio
1266 905 1302 971 in
1326 923 1390 972 nos
1413 911 1449 973 et
1472 901 1585 971 officio

466 1035 502 1097 et
524 1049 588 1116 ego
614 1030 785 1119 perspicio
808 1035 842 1097 et
866 1048 988 1097 omnes
1011 1027 1226 1117 praedicant.
1253 1028 1293 1097 Di
1316 1029 1440 1113 faxint,
1464 1034 1504 1096 ut
1523 1028 1585 1096 taii

466 1172 594 1240 genero
620 1153 706 1221 mihi
730 1154 907 1242 praesenti
932 1158 1051 1221 tecum
1064 1152 1169 1221 simul
1182 1159 1217 1220 et
1229 1173 1310 1221 cum
1325 1153 1444 1222 liberis
1456 1153 1585 1221 nostris

466 1277 537 1345 frui
560 1278 680 1346 liceat!
704 1278 764 1366 (ad
789 1277 812 1346 f.
837 1276 917 1345 XIV
939 1275 1043 1365 3.3).”
1067 1276 1115 1344 At
1137 1275 1449 1362 dinonsecernnt;
1463 1276 1582 1345 Pisoni

467 1400 623 1474 fructum
652 1403 791 1491 pietatis
814 1421 898 1470 suae
922 1421 1037 1489 neque
1061 1420 1103 1469 ex
1127 1421 1247 1471 socero
1270 1421 1386 1490 neque
1411 1422 1431 1469 a
1455 1400 1584 1490 populo

466 1526 623 1595 Romano
648 1526 739 1594 serre
763 1525 861 1594 licuit
884 1525 965 1615 (pro
989 1525 1075 1594 Sest.
1096 1527 1167 1614 68),
1184 1546 1254 1593 non
1267 1527 1414 1614 contigit
1425 1526 1585 1595 Ciceroni

467 1656 505 1719 ut
531 1652 647 1719 vivum
671 1671 752 1719 enm
779 1651 911 1718 videret
926 1671 996 1738 qno
1009 1651 1187 1718 neminem
1199 1650 1316 1719 studio
1328 1671 1394 1720 nec
1407 1650 1582 1719 industria

470 1775 600 1842 maiore
624 1775 844 1863 cognovisset
866 1775 978 1860 (Brut.
1002 1773 1094 1864 272).
1119 1814 1163 1824 -

510 1899 711 1967 Fratrem
736 1898 953 1979 Quintum
976 1900 1047 1966 iam
1072 1919 1180 1989 supra
1203 1900 1427 1968 narravimus
1450 1919 1491 1968 eo
1508 1900 1583 1984 ipso

467 2034 634 2112 tempore,
658 2044 728 2113 quo
753 2023 894 2092 Marcus
906 2044 949 2091 ex
967 2022 1067 2091 ltalia
1080 2023 1259 2112 profectus
1271 2029 1334 2108 est,
1347 2023 1390 2091 de
1403 2024 1584 2113 provincia

467 2149 562 2233 Asia,
583 2169 688 2238 quam
705 2169 766 2237 per
777 2148 970 2216 triennium
983 2146 1196 2230 obtinuerat,
1209 2147 1408 2216 decessisse.
1421 2147 1584 2215 Admini-

467 2274 590 2342 stratio
624 2275 701 2341 eins
735 2293 804 2340 non
840 2272 914 2339 sine
950 2271 1221 2360 reprehensione
1256 2271 1383 2353 suerat,
1415 2278 1450 2340 et
1474 2273 1584 2340 irater

469 2400 543 2487 ipse
568 2418 682 2487 neque
708 2396 958 2466 monitionibus
982 2416 1095 2486 neque
1123 2395 1439 2486 improbationibus
1460 2417 1583 2485 peper-

468 2529 565 2590 cerat
599 2521 659 2609 (ad
693 2520 733 2601 Q.
769 2520 811 2589 ir.
848 2519 862 2588 i
898 2541 952 2610 ep.
987 2519 1006 2587 1
1039 2526 1075 2588 et
1109 2521 1141 2589 2.
1176 2521 1227 2591 Os.
1252 2521 1295 2589 ad
1320 2522 1393 2589 Att.
1418 2521 1448 2589 ΙΙ
1471 2520 1582 2610 16.4);

470 2646 614 2716 Romam
640 2646 804 2715 reducem
830 2646 1006 2714 accusatio
1033 2645 1206 2725 manebat,
1230 2667 1321 2736 qnae
1347 2645 1456 2715 Marci
1472 2645 1582 2726 Quin·

466 2779 543 2840 tum
589 2790 631 2838 ex
667 2771 775 2838 animi
808 2770 982 2838 sententia
1017 2769 1192 2858 diligentis
1226 2771 1379 2859 augebat
1413 2791 1581 2860 angores:

465 2895 590 2977 „Nunc
614 2895 701 2978 istic,
725 2895 808 2984 quid
834 2899 969 2984 agatur,
996 2915 1122 2984 magno
1144 2914 1248 2983 opere
1272 2895 1445 2963 timeo...
1471 2895 1582 2963 altera

463 3020 614 3109 epistula
649 3019 772 3089 scribis
809 3019 927 3088 idibus
961 3018 1061 3087 Maiis
1095 3020 1218 3087 andire
1242 3029 1276 3087 te
1302 3021 1376 3090 fore
1403 3026 1443 3089 ut
1466 3020 1583 3089 acrius

464 3145 770 3235 postularetur...
794 3145 913 3234 itaque
936 3165 1016 3212 cnm
1045 3163 1143 3212 meus
1164 3164 1218 3211 me
1233 3165 1372 3214 maeror
1383 3145 1581 3214 cotidianus

466 3271 595 3338 lacerat
617 3277 653 3336 et
676 3267 827 3348 conficit,
852 3277 928 3337 tum
954 3287 1034 3336 vero
1059 3267 1146 3339 haec
1168 3269 1288 3338 addita
1311 3290 1398 3338 cura
1424 3269 1478 3337 vix
1493 3269 1579 3337 mihi

464 3395 570 3462 vitam
608 3393 778 3481 reliquam
815 3393 898 3462 facit
932 3392 992 3480 (ad
1017 3392 1089 3461 Att.
1114 3393 1161 3461 111
1185 3392 1275 3482 8.2);
1299 3399 1406 3481 atque
1430 3394 1479 3462 ita
1499 3414 1582 3482 per·

464 3517 606 3587 turbato
629 3538 709 3586 snm
733 3518 852 3584 animo
877 3517 919 3584 de
943 3515 1084 3596 Quinto,
1109 3522 1148 3585 nt
1175 3518 1261 3586 nibil
1286 3538 1413 3606 queam
1427 3525 1582 3588 statuere

463 3641 525 3728 (ib.
548 3640 594 3724 3).
619 3640 771 3721 Quintus
793 3640 905 3709 frater
927 3661 1010 3709 cnm
1033 3661 1075 3709 ex
1089 3642 1172 3710 Asia
1184 3642 1400 3711 discessisset
1414 3697 1421 3711 .
1436 3697 1443 3711 .
1459 3694 1466 3709 .
1484 3642 1583 3711 vaide

460 3767 582 3835 fuitei
609 3766 881 3855 properandum,
906 3786 950 3832 ne
974 3766 1059 3853 quid
1083 3767 1210 3834 absens
1232 3767 1408 3856 acciperet
1436 3766 1582 3836 calami·

461 3891 553 3970 tatis,
589 3891 617 3958 si
653 3891 733 3979 quis
755 3889 846 3958 forte
870 3889 1005 3974 suisset,
1030 3891 1090 3981 qui
1114 3898 1303 3960 contentus
1328 3893 1457 3960 nostris
1482 3892 1584 3960 malis

460 4035 529 4084 non
554 4019 647 4082 esset
671 4013 732 4102 (ib.
756 4012 837 4098 ao).
863 4013 949 4082 Mihi
972 4016 1079 4084 etiam
1105 4036 1216 4084 unum
1239 4015 1284 4083 de
1309 4017 1411 4084 malis
1434 4017 1469 4084 in
1485 4021 1582 4085 metu

463 4143 527 4223 est,
566 4138 687 4207 fratris
722 4139 839 4206 miseri
877 4139 1056 4227 negotium
1081 4139 1143 4228 (ib.
1166 4139 1214 4228 3).
1239 4139 1288 4207 De
1312 4139 1442 4221 Quinto
1473 4141 1583 4210 fratre

462 4262 577 4331 nuntii
598 4262 699 4331 nobis
721 4265 906 4332 tristes...
930 4283 1015 4332 sane
1039 4284 1118 4332 sum
1131 4265 1167 4332 in
1182 4285 1259 4332 meo
1272 4264 1409 4333 infinito
1423 4286 1582 4334 maerore

463 4386 634 4455 sollicitus
657 4393 692 4454 et
712 4407 752 4455 eo
778 4389 898 4477 magis,
911 4388 1004 4477 qnod
1018 4387 1122 4479 Appii
1135 4389 1261 4476 (Clodii
1274 4389 1409 4478 fratris)
1423 4391 1582 4479 quaestio
