3792 5486
902 697 968 766 407

373 895 458 965 dicit
492 903 528 963 et
557 918 639 965 cum
670 895 842 966 Strabone
867 895 951 964 facit
974 895 1119 972 Seneca,
1142 914 1295 984 quereus
1319 894 1362 962 de
1386 893 1490 977 „ieri-

373 1021 467 1088 tate'’
491 1041 614 1088 eorum
640 1021 700 1107 (ad
725 1019 768 1089 H.
793 1041 839 1089 m.
862 1020 951 1105 7.8):
976 1019 1082 1110 „quid
1106 1019 1150 1087 ad
1169 1019 1491 1088 hominesimman-

372 1145 552 1214 suetinsi'’
587 1144 647 1230 (ib.
676 1145 760 1230 on).
784 1144 906 1214 Utrius
930 1143 1059 1214 iudicio
1084 1146 1195 1213 maior
1219 1143 1306 1212 fides
1330 1141 1491 1212 habenda

371 1271 426 1349 sit,
451 1289 547 1339 nunc
571 1289 640 1338 non
664 1269 766 1339 facile
792 1268 943 1338 discerni
968 1274 1092 1358 potest,
1119 1267 1231 1337 multo
1256 1273 1374 1336 tamen
1400 1267 1490 1335 veri-

371 1391 522 1462 similius
554 1413 631 1462 csso
664 1393 819 1462 arbitror
853 1393 1044 1461 Diodorum
1080 1412 1227 1476 errasse,
1262 1393 1393 1482 quippe
1428 1392 1490 1482 qui

371 1516 414 1584 de
449 1517 632 1585 Sardiniae
668 1537 810 1607 quoque
844 1517 931 1585 caeli
966 1523 1094 1585 natura
1126 1516 1273 1585 laetiora
1304 1515 1491 1585 tradiderit

370 1657 478 1728 quam
503 1640 713 1711 testificatur
735 1642 833 1711 locus
855 1640 913 1708 ilie
937 1640 1047 1709 Taciti
1072 1639 1311 1728 (Ann.1185):
1336 1641 1486 1724 „Actum

370 1768 471 1838 etde
494 1771 604 1840 sacris
627 1769 809 1859 Aegyptiis
830 1769 1052 1859 Iudaicisque
1078 1769 1263 1858 pellendis;
1282 1767 1487 1855 factumque

370 1900 512 1984 patrum
549 1895 762 1977 consultum,
795 1901 834 1963 ut
857 1900 1027 1984 quattuor
1051 1893 1146 1962 milia
1170 1892 1325 1962 libertini
1348 1891 1487 1980 generis

369 2031 411 2086 ea
444 2020 693 2109 superstitione
723 2020 865 2102 infecta,
888 2021 968 2108 quis
990 2019 1117 2088 idonea
1140 2025 1247 2099 aetas,
1272 2018 1308 2085 in
1333 2014 1484 2084 insulam

370 2143 568 2213 Sardiniam
603 2145 824 2229 veherentur,
853 2143 1056 2213 coercendis
1078 2142 1150 2212 illic
1173 2141 1365 2212 latrociniis
1387 2146 1434 2222 et,
1457 2139 1487 2206 si

369 2266 415 2335 ob
438 2269 647 2356 gravitatem
672 2269 760 2338 caeli
784 2269 995 2348 interissent,
1022 2267 1087 2336 vite
1111 2267 1314 2335 damnum”.
1341 2305 1380 2316 -

411 2391 568 2462 Cicero
591 2393 657 2462 loci
678 2399 842 2462 naturam
870 2413 939 2462 non
963 2390 1121 2476 curabat,
1147 2388 1338 2459 dummodo
1358 2389 1485 2457 intuto

366 2523 477 2601 esset;
500 2523 642 2607 tempus
665 2525 784 2586 autem
809 2539 890 2587 eum
915 2518 1044 2587 defecit
1055 2518 1278 2606 adseipsum
1291 2516 1409 2604 quiete
1422 2512 1484 2582 ob-

368 2640 581 2711 servandum
605 2649 641 2710 et
655 2643 698 2711 de
711 2643 845 2731 patriae
858 2643 1030 2711 desiderio
1047 2643 1082 2711 in
1098 2643 1222 2711 titteris
1235 2639 1484 2732 philosophan-

366 2764 469 2850 dum3
493 2766 553 2834 sed
579 2788 650 2855 quo
675 2769 792 2836 minus
814 2767 1005 2837 theoretice
1029 2767 1072 2836 de
1096 2766 1267 2835 redeundi
1290 2765 1484 2853 cupiditate

366 2889 533 2980 disputat,
557 2911 598 2960 eo
623 2892 856 2963 luculentiora
868 2895 1071 2964 testimonia
1085 2893 1154 2962 fert
1165 2891 1336 2982 epistulis
1348 2893 1481 2980 cogita-

365 3014 480 3083 tiones
513 3036 596 3084 suas
630 3037 806 3107 nusquam
842 3018 908 3086 nisi
943 3017 1073 3086 Romae
1108 3023 1311 3088 constanter
1341 3017 1482 3084 versari.

366 3136 442 3207 Non
468 3145 587 3208 tamen
612 3141 710 3211 urbis
733 3149 836 3226 tecta,
862 3163 932 3212 non
957 3143 1078 3212 Italiae
1093 3142 1231 3232 placida
1243 3162 1327 3210 rura
1339 3143 1399 3209 scd
1414 3139 1478 3209 sori

364 3247 536 3331 clamores
566 3272 602 3332 et
633 3267 827 3334 matutinae
851 3268 1081 3336 salutationes
1103 3274 1196 3351 sunt,
1221 3267 1350 3356 quibus
1373 3271 1480 3335 caret.

365 3383 577 3454 conferatur
600 3408 630 3456 e.
654 3410 686 3478 g.
710 3389 754 3457 ad
781 3390 851 3459 Ait.
878 3390 924 3459 [II
948 3389 1021 3460 72:
1046 3391 1158 3476 „Quid
1182 3392 1276 3459 enim
1301 3396 1355 3459 cst
1386 3391 1479 3481 quod

366 3529 420 3578 rne
445 3513 595 3581 retineat
618 3513 670 3600 (in
697 3515 767 3582 rita
790 3516 855 3602 sc.)
879 3517 1086 3603 praesertim
1111 3517 1141 3584 si
1164 3536 1245 3606 spes
1267 3535 1310 3584 ea
1333 3535 1402 3583 non
1417 3521 1480 3596 est,

363 3653 453 3723 quae
477 3655 541 3704 nos
565 3637 827 3726 proficiscentes
853 3640 1176 3730 prosequebaturi”
1201 3662 1281 3710 cum
1308 3641 1350 3710 ad
1372 3641 1412 3722 Q.
1436 3640 1479 3709 sr.

364 3756 377 3824 1
412 3756 482 3827 tt:
518 3759 651 3850 „Saepe
686 3763 803 3831 triduo
834 3783 975 3834 summa
998 3785 1078 3834 cum
1103 3765 1215 3852 gioria
1238 3765 1380 3835 dicebar
1403 3785 1479 3834 esse

363 3883 574 3952 rediturus”.
600 3884 639 3953 [n
665 3887 735 3954 vita
758 3889 851 3955 enim
874 3888 1011 3957 urbana
1034 3891 1175 3978 negotia
1198 3898 1274 3958 tum
1288 3897 1428 3959 tantum
1442 3909 1479 3959 se

362 4025 431 4076 uon
456 4027 584 4077 curare
606 4009 702 4094 dicit,
726 4032 805 4080 cum
831 4014 1043 4100 sapientium
1064 4014 1107 4082 de
1119 4015 1162 4082 iis
1174 4022 1362 4106 praecepta
1375 4016 1479 4085 modo

362 4129 445 4220 legit
478 4152 673 4224 eorumque
711 4135 816 4205 verba
851 4139 988 4227 repetit,
1020 4145 1082 4208 aut
1111 4159 1194 4208 cum
1220 4139 1297 4208 aliis
1320 4141 1479 4209 consola-

360 4255 493 4324 tionem
518 4257 686 4346 praebere
712 4259 796 4341 vult,
818 4267 857 4330 ut
881 4261 917 4330 P.
943 4259 1082 4350 Nigidio
1106 4263 1228 4351 Figulo
1252 4263 1410 4334 scribens
1441 4285 1478 4334 se

360 4381 434 4469 ipse
461 4382 659 4464 miseratur,
683 4386 776 4474 quod
801 4386 852 4454 rei
876 4386 1037 4475 publicae
1051 4387 1225 4457 malauon
1239 4389 1353 4459 sotum
1367 4391 1477 4478 audit,
