3734 5518
502 863 541 932 ln
583 865 741 953 quinque
783 864 891 950 libris,
935 866 996 956 qui
1039 873 1248 957 sequuntur,
1291 866 1399 936 semel
1434 871 1573 936 tontum

456 985 689 1057 Germanicus
722 990 937 1074 nominatur,
961 990 1022 1059 ubl
1044 989 1195 1060 'Ovidius
1217 1011 1369 1060 narrans
1392 991 1573 1080 Solymum

456 1112 601 1181 unicum
626 1111 802 1204 Phrygem
828 1113 947 1200 luisse,
971 1116 1032 1203 qui
1057 1116 1200 1185 Aenean
1219 1117 1408 1187 comitatus
1419 1117 1475 1200 sit,
1489 1115 1575 1185 hoec

457 1236 576 1306 addit:

537 1406 564 1464 Δ
585 1423 644 1484 qno
664 1406 696 1485 (a
717 1407 838 1488 Solymo
859 1410 912 1488 ro.)
934 1409 1084 1471 Sulmonis
1106 1411 1223 1471 moenio
1244 1430 1352 1472 nomen
1374 1411 1496 1481 hebent,

495 1525 647 1585 Sulmonis
667 1524 770 1603 gelidi,
791 1525 915 1603 petrino,
937 1525 1124 1604 Germanice,
1146 1533 1275 1587 nostroe.

537 1641 586 1700 Me
606 1641 757 1711 miserum,
779 1639 918 1718 Soythioo
938 1660 1029 1719 qoem
1050 1641 1153 1720 proonl
1174 1641 1227 1702 illo
1247 1641 1310 1703 eolo
1330 1643 1389 1702 eet!

1326 1757 1384 1831 nv
1404 1757 1537 1828 oo-en)

502 1941 596 2012 Alibi
612 1943 753 2033 saepius
764 1943 808 2011 de
821 1944 981 2030 Augusto
994 1949 1033 2012 nt
1046 1943 1089 2011 de
1102 1943 1180 2012 vivo
1192 1943 1309 2012 adhue
1321 1943 1478 2032 loquitur
1489 1964 1518 2012 e.
1532 1964 1575 2033 gr

616 2113 807 2191 Templornm
829 2114 950 2192 poeilor,
971 2113 1148 2192 templorum
1171 2119 1273 2175 eenole
1293 2118 1436 2192 repertor,

657 2229 702 2288 Sit
722 2229 846 2307 superio,
867 2235 947 2308 opto,
969 2234 1073 2290 mntnn
1092 2247 1166 2288 oure
1186 2229 1239 2289 lui.

617 2344 697 2403 Denl
718 2344 773 2404 libi
793 2344 944 2420 coelestes,
966 2362 1041 2423 quoe
1061 2349 1094 2404 tu
1115 2345 1302 2422 coelestibus,
1323 2363 1427 2422 ennon,

659 2459 779 2538 Proque
799 2465 851 2519 lue
872 2463 1014 2518 moneant
1034 2459 1065 2518 in
1088 2460 1216 2521 statione
1237 2460 1334 2521 domo.

1337 2575 1383 2655 (11
1405 2578 1537 2650 63-66)

896 2689 1000 2768 templi
1023 2708 1082 2750 non
1105 2690 1235 2768 perstitit
1255 2703 1375 2751 anoton:

657 2807 812 2883 Angustus
834 2824 914 2866 nnno
935 2810 991 2883 eet,
1012 2811 1083 2865 ente
1105 2805 1243 2866 llelellne
1264 2811 1337 2866 oret.

1320 2921 1376 2998 (lv
1400 2923 1456 2982 ³47
1479 2924 1536 3000 oq.)

503 3108 661 3198 Apparet
693 3106 801 3196 igitur
837 3106 958 3174 Festos
992 3125 1082 3195 opus
1115 3125 1191 3174 esse
1226 3114 1442 3195 postumum,
1474 3106 1576 3175 ouius

457 3232 560 3321 longe
595 3233 707 3300 maior
742 3250 824 3321 pars
859 3231 928 3299 lam
964 3237 1047 3299 ante
1082 3249 1231 3320 poenam
1257 3237 1381 3320 poetae
1404 3230 1573 3300 inllictom

459 3357 653 3447 perscripto
677 3356 755 3425 suit.
777 3354 865 3424 Pars
889 3374 971 3423 vero
997 3359 1186 3423 retraetata
1199 3375 1267 3422 non
1283 3354 1413 3443 ubique
1425 3354 1573 3423 eundem

457 3481 636 3549 tristitiom
672 3486 707 3548 et
742 3479 917 3567 ignaviam
953 3477 1096 3546 exhibet
1119 3499 1226 3568 qnam
1252 3477 1331 3558 loci,
1354 3498 1443 3565 quos
1467 3497 1576 3566 snpra

458 3604 652 3672 attulimus.
688 3601 728 3670 ln
763 3600 885 3670 fabulo
918 3600 962 3669 de
986 3600 1150 3672 Evandro
1172 3621 1216 3670 ex
1240 3601 1392 3671 Arcadio
1416 3601 1517 3691 pulso
1540 3609 1577 3669 et

458 3726 605 3796 Romam
641 3725 839 3816 appellente
875 3725 932 3794 hic
966 3723 1037 3794 illic
1071 3731 1212 3815 poetam
1248 3727 1425 3815 seipsum
1451 3745 1575 3795 conso-

458 3851 591 3920 lentem
614 3851 870 3941 comperimus:

978 4019 1114 4079 Fortuna
1136 4019 1273 4096 viriliter,
1296 4019 1404 4097 inquit,
1425 4053 1463 4063 -

620 4136 697 4196 Siste
719 4154 823 4214 preoor
843 4135 998 4195 leorimeel
1019 4169 1058 4179 -
1081 4135 1138 4195 iste
1159 4135 1283 4194 ferendo
1306 4135 1359 4194 tibi
1381 4139 1435 4194 eet.

579 4252 626 4311 Sio
647 4256 711 4311 oret
732 4252 763 4310 in
784 4252 862 4311 letio.
884 4269 939 4310 neo
960 4256 989 4310 to
1010 4255 1062 4310 tna
1082 4250 1170 4328 onlpo
1189 4249 1315 4328 ingenit,

619 4367 676 4426 Sed
697 4367 787 4426 deun:
808 4367 921 4427 oll'eneo
942 4365 1045 4444 pnlono
1066 4385 1098 4426 ee
1119 4366 1193 4425 nrbe
1213 4365 1269 4425 (leo
1281 4413 1287 4426 .
