3778 5488
975 697 1043 766 184

446 899 589 968 consule
612 899 789 988 relegatus
812 907 877 981 est,
901 896 995 986 quod
1019 902 1102 964 ante
1126 895 1160 964 id
1172 893 1394 984 tempuscivi
1407 892 1565 962 Romano

446 1023 576 1092 Romae
611 1024 758 1112 contigit
792 1022 925 1090 nemini
959 1021 1017 1109 (ad
1051 1021 1147 1088 txl
1170 1019 1256 1088 lua.
1283 1019 1334 1088 of.
1358 1019 1393 1086 in
1419 1017 1487 1085 Pis.
1510 1016 1565 1096 ot,

444 1147 487 1217 ad
515 1147 539 1216 f.
563 1147 627 1216 XII
651 1147 777 1237 29.l).”

490 1273 526 1341 L.
556 1255 714 1341 Aelius
738 1271 924 1353 Tubero,
949 1269 1131 1338 annalium
1155 1269 1316 1357 scriptor,
1339 1269 1565 1358 legatuserat

443 1396 483 1477 Q.
508 1397 685 1466 Ciceronis
708 1397 767 1485 (ad
792 1395 832 1476 Q.
856 1396 900 1464 ir.
925 1393 1070 1482 13.10):
1092 1394 1152 1478 „b
1166 1393 1316 1468 Tubero.
1331 1412 1564 1461 meusneces-

443 1522 620 1591 sarius...
636 1572 644 1587 .
668 1521 841 1590 decedens
864 1541 906 1588 ex
931 1521 1015 1588 Asia
1031 1519 1075 1587 ad
1090 1539 1146 1587 me
1159 1519 1254 1586 venit
1266 1537 1395 1606 easque
1408 1517 1562 1595 insidiae,

443 1667 533 1736 quas
568 1647 654 1715 mihi
685 1651 828 1735 paratas
851 1645 896 1714 ab
919 1645 1082 1713 exulibus
1104 1643 1298 1713 coniuratis
1320 1643 1492 1721 audierat,
1516 1642 1559 1710 ad

443 1791 499 1838 me
523 1771 641 1839 auimo
665 1771 878 1839 amicissimo
902 1769 1027 1838 detulit
1050 1773 1129 1858 (pro
1153 1768 1270 1838 Plano.
1293 1766 1409 1852 lout’*

487 1894 524 1963 Τ.
561 1895 776 1984 Agusius:
813 1894 872 1978 „u
910 1894 1065 1984 Agusius
1088 1901 1123 1962 et
1147 1914 1265 1963 comes
1289 1912 1389 1961 meus
1412 1891 1480 1960 fuit
1503 1891 1562 1960 illo

442 2019 640 2089 miserrimo
663 2027 822 2110 tempore
845 2025 881 2088 et
896 2021 1061 2088 omnium
1087 2020 1265 2099 itinerum,
1286 2016 1561 2105 navigationum,

441 2143 615 2229 laborum,
640 2145 875 2234 periculorum
909 2165 1068 2213 meorum
1093 2144 1218 2226 socius,
1243 2161 1358 2230 neque
1383 2140 1447 2208 boc
1470 2149 1560 2207 tem-

442 2289 525 2358 pore
550 2269 765 2338 discessisset
788 2292 809 2338 a
834 2291 900 2353 me,
924 2269 991 2336 nisi
1014 2288 1079 2358 ego
1098 2269 1131 2336 ei
1151 2266 1406 2357 permisissem:
1430 2283 1502 2353 qua
1522 2283 1559 2330 re

440 2394 489 2462 sio
513 2393 577 2462 tibi
600 2394 652 2479 (P.
677 2395 839 2483 Servilio)
863 2414 943 2462 cum
968 2391 1189 2475 commendo,
1213 2399 1252 2460 ut
1275 2410 1388 2458 unum
1408 2389 1451 2457 de
1473 2389 1559 2456 meis

439 2517 640 2588 domesticis
663 2528 698 2587 et
722 2522 874 2589 maxime
898 2519 1104 2588 necessariis
1127 2517 1186 2605 (ad
1212 2517 1235 2586 i.
1262 2515 1342 2584 XIII
1366 2514 1456 2600 71).”

484 2643 521 2712 L.
546 2643 762 2713 Aurelius
785 2643 926 2724 Cotta,
951 2644 1011 2732 qui
1031 2663 1199 2733 oppressa
1211 2641 1381 2710 Catilinae
1393 2640 1558 2709 coniura-

441 2767 534 2835 tione
569 2768 860 2858 supplicationem
896 2767 1056 2837 Ciceroni
1090 2767 1245 2836 decrevit
1278 2766 1382 2852 (Pbil.
1418 2763 1448 2832 Il
1479 2763 1557 2853 l3):

438 2891 551 2976 „Tum
586 2893 678 2978 (llal.
703 2893 775 2961 lan.
800 2893 883 2961 anni
907 2892 966 2979 57)
990 2894 1154 2982 princeps
1178 2897 1321 2980 rogatus
1345 2890 1555 2959 sententiam

438 3015 474 3082 L.
510 3015 611 3086 Cotta
645 3017 733 3085 dixit
766 3017 812 3096 id,
847 3017 940 3106 quod
977 3017 1221 3105 dignissimum
1252 3035 1289 3082 re
1314 3014 1455 3104 publica
1477 3015 1554 3099 luit,

436 3140 522 3208 nibil
546 3141 589 3209 de
615 3162 670 3209 me
693 3150 812 3212 actum
837 3161 912 3210 esse
934 3144 1023 3225 iure,
1047 3141 1134 3208 nibil
1159 3161 1255 3210 more
1270 3141 1455 3223 maiorum,
1468 3139 1555 3207 nibil

435 3264 586 3354 legibus:
624 3287 692 3336 non
730 3287 830 3356 posse
865 3286 1081 3356 quemquam
1116 3265 1159 3332 de
1193 3266 1334 3334 civitate
1369 3264 1444 3334 tolli
1479 3265 1555 3332 sine

434 3389 580 3459 iudicio:
624 3392 668 3460 de
706 3394 820 3481 capite
855 3411 925 3459 non
962 3389 1065 3458 modo
1100 3389 1197 3472 ferri,
1231 3388 1291 3456 sed
1327 3408 1371 3456 ne
1405 3389 1554 3458 iudIcari

434 3515 575 3603 quidem
613 3535 714 3604 posse
748 3518 816 3584 nisi
851 3515 1001 3585 comitiis
1032 3515 1326 3584 centuriatis...
1351 3534 1461 3603 quare
1487 3534 1552 3597 me,

434 3640 495 3726 qui
530 3639 628 3707 nulla
652 3639 726 3729 lege
750 3640 920 3720 abessem,
945 3660 1015 3709 non
1040 3639 1178 3707 restitui
1201 3638 1289 3728 lege,
1312 3637 1372 3705 sed
1395 3639 1552 3707 revocari

434 3769 579 3832 senatus
601 3766 811 3834 auctoritate
834 3770 996 3854 oportere
1020 3763 1100 3852 (pro
1124 3762 1212 3831 Sest.
1237 3761 1290 3846 73,
1314 3762 1357 3830 de
1381 3762 1485 3832 domo
1497 3763 1552 3842 68,

433 3887 476 3954 dc
500 3887 564 3975 leg.
591 3887 639 3956 llI
662 3887 715 3956 45.
741 3889 792 3960 cf.
816 3890 859 3958 ad
885 3890 957 3958 Att.
982 3887 1030 3955 IlI
1054 3886 1180 3976 l5.5).”

478 4011 514 4078 L.
539 4011 780 4083 Cornelius
804 4013 944 4082 Balbu
954 4033 980 4096 s,
1005 4011 1190 4081 familiaris
1214 4011 1550 4102 illecacsaris,„qui

432 4156 503 4204 non
539 4138 643 4207 modo
677 4160 746 4208 non
782 4139 969 4208 exsultavit
1004 4139 1040 4204 in
1072 4136 1184 4205 ruinls
1207 4137 1347 4221 nostris,
1371 4137 1431 4204 sed
1455 4137 1551 4206 omni

432 4259 555 4339 cilicio,
591 4262 756 4346 lacrimis,
787 4284 903 4352 opera,
928 4262 1165 4333 consolatione
1188 4263 1303 4332 omnis
1328 4286 1383 4334 me
1406 4267 1551 4338 absente

432 4404 529 4454 meos
551 4385 748 4456 sublevavit
770 4387 850 4476 (pro
876 4388 983 4459 Balbo
1006 4387 1099 4476 58)”.
