3734 5518
857 739 860 752 ,
965 671 1026 740 lll‘

424 869 628 957 piscantem,
663 869 749 936 nihil
775 870 1045 959 concupiscere”
1080 871 1208 958 (contr.
1243 871 1275 939 Il
1308 873 1417 962 prael.
1442 873 1542 957 3-o‚

423 1013 456 1081 p.
481 991 658 1060 ll5--llo
681 994 720 1076 Β,
744 993 918 1062 151-152
932 994 1098 1085 K);quod
1112 996 1402 1066 (liserimeninler
1415 999 1543 1068 iratres
1652 1077 1664 1095 .

423 1117 496 1204 ipsc
528 1115 658 1185 Lucius
681 1117 884 1188 confirmat:
911 1120 1023 1204 „alter
1048 1121 1198 1190 honores
1222 1121 1396 1191 industria
1420 1144 1543 1196 conse-

423 1249 527 1310 cutus
561 1249 624 1324 est,
660 1242 750 1312 aller
780 1247 958 1334 sapienter
982 1247 1214 1335 contempsit''
1238 1247 1296 1333 (ad
1323 1248 1413 1316 Hm.
1438 1246 1541 1330 lant.

421 1367 460 1434 ln
499 1367 640 1456 scriptis
674 1366 923 1457 philosophicis
958 1370 1155 1439 innumeris
1189 1371 1274 1440 locis
1304 1381 1481 1442 asseverat
1506 1394 1542 1443 se

422 1493 542 1560 conari
561 1491 708 1560 eandem
723 1511 842 1561 rerum
858 1492 1095 1564 humanarum
1109 1496 1372 1585 despicientiam
1387 1485 1542 1588 adipisci,

417 1617 482 1698 ,sed
515 1618 586 1686 vita
617 1617 820 1706 obloquitur
844 1620 884 1706 ¹).
924 1619 1048 1688 Statim
1074 1614 1223 1690 adiciam
1250 1623 1392 1690 minime
1419 1644 1473 1692 me
1497 1624 1542 1693 ob

422 1743 512 1810 hano
549 1763 691 1811 calisam
728 1743 897 1812 Senecam
937 1745 1109 1813 mendacii
1144 1755 1178 1812 et
1212 1745 1348 1814 fraudis
1374 1767 1540 1816 accusare

421 1865 518 1934 velle.
543 1866 630 1947 Quis
655 1874 708 1935 est
732 1869 786 1936 cui
812 1867 904 1936 idom
927 1867 1200 1938 nonaccilleritl
1225 1869 1314 1938 Nam
1329 1871 1368 1951 si,
1382 1872 1539 1941 utllru·

422 2012 550 2060 mann
578 1993 611 2060 in
637 1991 814 2062 Ciceronis
840 1993 1014 2078 vitalecit,
1040 2013 1180 2083 semper
1191 2001 1227 2062 et
1245 1995 1374 2084 ubique
1389 1996 1540 2066 hominis
1566 2027 1569 2036 ·

417 2119 602 2186 enuntiata
615 2118 677 2187 ubi
690 2119 867 2188 contraria
880 2124 974 2201 sunt,
987 2119 1080 2187 inter
1093 2137 1129 2187 se
1142 2121 1539 2209 opponis,nullahabila

418 2243 566 2325 ratione,
588 2244 703 2312 sintne
724 2263 843 2312 coram
865 2243 1039 2327 omnibus,
1053 2244 1125 2313 sive
1138 2243 1173 2311 in
1188 2246 1489 2316 orationibussive
1502 2250 1536 2316 in

417 2367 557 2455 scriptis
580 2367 839 2456 philosophicis
864 2368 958 2436 edila
982 2389 1026 2436 an
1053 2369 1113 2435 uni
1137 2371 1262 2454 amico,
1274 2371 1403 2440 iniuste
1416 2374 1490 2459 agis
1502 2382 1538 2441 et

417 2497 671 2574 accusatorem,
696 2511 766 2560 non
791 2513 910 2560 rerum
936 2493 1141 2582 scriptorem
1157 2497 1305 2584 tegeris.
1324 2497 1535 2565 Persuasum

418 2615 503 2684 mihi
526 2621 579 2683 est
603 2615 783 2696 Senecam,
807 2637 888 2686 cum
913 2617 956 2685 ad
983 2637 1158 2686 summam
1176 2619 1211 2687 in
1235 2640 1272 2687 re
1285 2621 1426 2709 publica
1440 2629 1538 2711 plote-

416 2746 542 2808 statem
578 2738 804 2840 pervenisset,
835 2761 941 2830 quam
968 2742 1032 2811 sibi
1058 2743 1218 2831 pinxerat
1242 2725 1429 2834 imaginem
1455 2767 1537 2816 vere

414 2865 582 2953 sapientis
605 2863 769 2936 omnibus
792 2865 937 2934 intentis
963 2867 1095 2936 viribus
1118 2869 1324 2958 appetiisse;
1350 2871 1491 2960 saepius
1502 2873 1535 2940 ei

414 2988 570 3058 obiectas
599 2988 739 3058 divitias
756 2993 786 3076 a)
811 2997 845 3058 et
869 2991 1015 3059 nimiam
1038 3012 1123 3081 erga
1147 2992 1324 3064 Neronem
1349 2993 1536 3084 indulgen·

413 3205 627 3214 ——ss

452 3329 481 3408 l)
522 3328 605 3400 Quod
638 3347 724 3390 senex
757 3329 872 3408 saepius
903 3331 1056 3392 confitetur
1086 3351 1139 3412 eg.
1161 3351 1206 3412 ep.
1230 3335 1314 3394 llll.
1340 3331 1534 3406 ‚alesinamus

410 3416 488 3526 pund
521 3447 667 3508 voluimus
699 3445 830 3508 vella„
863 3447 1010 3527 imponere
1042 3449 1187 3510 velerihus
1218 3448 1301 3510 malis
1323 3449 1445 3520 huem'';
1469 3452 1532 3512 8.3:

411 3561 551 3633 „Rectum
575 3561 636 3633 iter,
657 3561 734 3640 quod
756 3581 820 3623 sero
841 3564 961 3641 cognovi
982 3572 1009 3625 et
1032 3564 1125 3624 lassus
1146 3565 1276 3636 errando,
1300 3565 1364 3625 aliis
1395 3573 1532 3626 nronslro.

411 3679 523 3740 Clamo:
557 3677 641 3739 vitate
672 3695 872 3757 quaecumque
904 3678 987 3758 volgo
1024 3679 1145 3758 placent,
1167 3698 1240 3759 quae
1261 3699 1345 3742 casus
1366 3679 1531 3751 altrihuil'';

411 3795 514 3856 nola:
538 3803 694 3865 ,celerum
716 3793 740 3853 si
764 3800 790 3854 te
813 3793 910 3855 videro
932 3795 1072 3856 celebrem
1095 3796 1231 3857 secundis
1244 3795 1363 3857 vocibus
1376 3795 1451 3874 volgi
1464 3843 1471 3856 .
1484 3843 1490 3857 .
1505 3843 1531 3855 ..

410 3909 512 3988 quidni
532 3927 584 3988 ego
597 3909 638 3972 tui
651 3909 797 3980 miserear,
808 3928 875 3972 cum
884 3909 983 3982 sclam,
995 3928 1070 3988 quae
1082 3910 1125 3972 via
1138 3911 1171 3972 ad
1185 3911 1272 3974 istum
1284 3913 1410 3973 levorem
1423 3910 1531 3972 lerntl''

453 4025 536 4088 Plura
558 4045 602 4106 ap.
633 4025 767 4088 llelkal
795 4025 926 4088 Seneca's
948 4027 1098 4088 Chnmcler
1119 4028 1177 4088 uod
1198 4027 1349 4107 politischc
1370 4027 1532 4106 Thiliglreit

409 4161 461 4204 nus
483 4141 581 4203 scinco
603 4141 745 4203 Schrilleu
760 4141 921 4204 holenchlet
931 4141 1013 4220 (heta
1026 4142 1175 4204 Socielotis
1186 4143 1377 4204 Solantiarum
1390 4143 1530 4204 Fenoicne

409 4259 490 4319 Tom.
513 4259 596 4337 xvi).
619 4261 707 4320 1886.
731 4275 757 4338 ρ.
780 4260 827 4318 22.

450 4376 478 4450 ἒ)
520 4373 584 4434 viu.
605 4373 731 4454 llayor
751 4373 786 4435 ad
808 4375 905 4435 iuven.
933 4375 957 4436 li
980 4377 1032 4437 ln:
1054 4374 1160 4436 Seneca
1181 4374 1336 4454 praelives.
