3792 5486
957 719 1024 788 lot

430 920 559 988 crimas
572 919 765 1009 praebuisti
786 919 897 989 dolori
911 938 999 1005 meo,
1013 918 1106 1008 quod
1120 928 1197 988 crat
1208 919 1351 1003 amoris,
1363 923 1546 1006 tamquam

429 1045 504 1134 ipse
539 1065 621 1134 ego;
653 1045 745 1134 quod
773 1045 906 1114 meritis
931 1045 1017 1113 meis
1040 1045 1236 1136 perlectum
1262 1043 1386 1133 potuit,
1410 1047 1451 1110 ut
1472 1041 1547 1110 dies

429 1174 466 1236 et
489 1177 619 1254 noctes
644 1171 727 1259 quid
754 1171 840 1238 mibi
863 1169 1065 1238 faciendum
1090 1175 1193 1248 esset,
1217 1169 1399 1257 cogitares,
1423 1167 1457 1235 id
1485 1166 1549 1235 abs

431 1299 465 1362 te
490 1313 578 1377 meo,
602 1314 672 1363 non
696 1302 758 1363 tuo
781 1293 912 1364 scelere
929 1295 1217 1382 praetermissum
1231 1297 1285 1361 est
1297 1343 1305 1360 .
1319 1346 1326 1361 .
1342 1346 1348 1361 .
1364 1343 1371 1358 .
1386 1291 1450 1360 llic
1464 1290 1549 1359 mibi

431 1418 606 1508 ignosces;
644 1439 698 1486 me
732 1419 827 1487 enim
853 1420 968 1509 ipsum
995 1418 1105 1488 multo
1132 1420 1242 1506 magis
1261 1437 1398 1502 accuso,
1422 1415 1548 1485 deinde

429 1551 463 1612 te
487 1545 588 1633 quasi
614 1564 670 1612 me
694 1544 868 1613 alterurn’'
893 1544 926 1636 (ξ
948 1543 997 1634 4).

475 1669 641 1757 Apertius
675 1671 711 1738 in
746 1670 798 1754 iis,
834 1690 925 1759 quae
960 1675 1169 1759 sequuntur,
1206 1667 1381 1758 loquitur:
1413 1665 1549 1746 „Nono

430 1793 612 1883 Pomponi,
647 1797 814 1883 quoniam
844 1795 931 1864 nihil
954 1795 1142 1884 impertisti
1165 1801 1248 1862 tuae
1273 1792 1481 1882 prudentiae
1505 1790 1549 1859 ad

431 1917 580 1987 salntem
608 1939 721 1988 meam
736 1972 743 1987 .
835 1919 907 2008 Ego
932 1921 961 1988 si
984 1928 1083 1989 tuam
1108 1919 1212 1988 fidem
1238 1940 1454 2005 accusarem,
1478 1940 1550 1989 non

432 2064 486 2112 me
518 2043 740 2133 potissimum
771 2045 843 2113 tuis
866 2046 968 2115 tectis
992 2045 1192 2130 crederem
1218 2066 1332 2115 meam
1357 2045 1548 2114 amentiam

430 2189 568 2250 accuso,
582 2169 676 2258 quod
691 2190 745 2237 me
766 2190 786 2238 a
806 2176 840 2238 te
853 2175 992 2238 tantum
1006 2171 1129 2256 amari,
1145 2180 1320 2260 quantum
1335 2190 1399 2260 ego
1412 2169 1548 2254 vellem,

431 2295 561 2384 putavi.
593 2293 692 2374 Quod
718 2295 904 2374 siluisset,
930 2293 1034 2362 tidem
1055 2294 1215 2380 eandem,
1240 2316 1363 2364 curam
1379 2295 1549 2363 maiorem

433 2418 666 2504 adhibuisses,
704 2439 759 2487 me
784 2425 878 2488 certe
902 2419 1116 2488 edentium
1142 2421 1433 2510 praecipitantem
1466 2419 1550 2487 reti·

431 2545 578 2626 nuisses,
612 2545 698 2611 istos
730 2543 878 2629 labores,
911 2564 1000 2634 quos
1023 2564 1118 2613 nunc
1141 2545 1178 2611 in
1202 2523 1397 2633 naufragiis
1420 2544 1549 2612 nostris

430 2669 589 2757 suscipis,
612 2689 682 2738 uon
707 2669 881 2737 subisses’'
906 2668 939 2760 (ξ
963 2669 1007 2754 7).

474 2792 572 2873 Quae
596 2814 678 2862 cum
702 2794 776 2862 viro
802 2795 998 2863 miserrimo
1022 2799 1057 2862 et
1080 2794 1283 2883 desperanti
1314 2794 1547 2863 condonanda

432 2918 512 3001 sint,
549 2919 667 2987 minus
690 2919 823 3006 ignosci
848 2926 973 3008 potest,
997 2938 1079 2986 eum
1103 2920 1209 2987 etiam
1235 2925 1313 3008 post
1335 2918 1469 2986 laetum
1493 2937 1547 2985 re·

431 3042 544 3111 ditum
560 3043 874 3131 vituperationibus
887 3064 955 3112 non
970 3052 1199 3134 temperasse:
1214 3043 1433 3132 „Cognoram
1444 3043 1549 3119 enim,

432 3174 472 3237 ut
504 3187 584 3236 vere
612 3167 775 3246 scribam,
806 3172 840 3235 te
864 3169 900 3236 in
924 3167 1078 3237 consiliis
1103 3167 1188 3235 mibi
1212 3167 1338 3235 dandis
1361 3187 1425 3236 nec
1449 3166 1550 3235 forti-

432 3312 529 3362 orem
564 3313 629 3362 nec
664 3292 929 3381 prudentiorem
966 3312 1073 3381 quam
1112 3313 1166 3360 me
1202 3293 1317 3381 ipsum
1355 3312 1420 3361 nec
1443 3291 1550 3360 etiam

433 3427 577 3507 propter
613 3437 726 3485 meam
751 3418 785 3485 in
812 3424 846 3485 te
871 3417 1130 3486 observantiam
1155 3417 1305 3486 nimium
1330 3418 1365 3484 in
1391 3415 1551 3485 custodia

432 3543 555 3610 salutis
579 3561 677 3609 meae
700 3540 926 3630 diligentem*
951 3541 1010 3627 (ad
1035 3541 1107 3610 Au.
1132 3541 1179 3610 IV
1201 3540 1282 3630 tl).

479 3666 603 3734 Melius
629 3666 749 3756 utique
772 3687 815 3735 ea
838 3667 1044 3753 reticuisset,
1058 3687 1275 3757 quamquam
1288 3667 1551 3735 excusationem

433 3790 729 3879 qualemcumque
771 3791 919 3860 fortasse
960 3792 1119 3859 invenire
1163 3811 1361 3881 possumus,
1405 3790 1434 3858 si
1469 3810 1550 3860 cum

431 4069 517 4130 etiarn
540 4076 695 4140 momento,
716 4068 770 4130 sibi
794 4069 958 4148 persuaderi
981 4069 1053 4129 hunc
1073 4069 1109 4130 de
1130 4067 1259 4148 collegiis
1281 4069 1373 4147 legem
1387 4066 1443 4146 ipsi
1455 4065 1552 4146 prolu-

434 4192 527 4247 turam
558 4204 620 4246 esse
650 4204 753 4265 passus
786 4185 881 4255 luerit.
913 4203 1005 4264 quom
1038 4185 1153 4246 nullum
1188 4184 1267 4246 aliud
1288 4183 1384 4262 aptius
1407 4179 1553 4244 Ciceronis

433 4301 567 4381 perniciei
590 4301 823 4381 reipublicoeque
845 4301 945 4363 ruinae
969 4301 1194 4363 instrumentum
1215 4298 1341 4380 potuerit
1361 4319 1386 4360 o
1399 4299 1429 4358 P.
1452 4295 1552 4358 Clodio

431 4416 617 4497 excogitari.”
