3792 5486
902 697 968 766 137

374 895 606 964 incriminans
629 896 771 980 diceret,
794 917 877 965 eum
902 895 1072 964 ducendis
1095 895 1264 964 uxoribus
1288 915 1325 963 se
1350 895 1490 979 ditasse,

374 1019 439 1089 hoc
463 1020 596 1088 addens
620 1021 717 1104 „und
742 1022 806 1090 mit
828 1021 892 1089 der
914 1029 1032 1090 ersten
1045 1021 1257 1089 Gemahlinn
1274 1042 1345 1090 war
1358 1041 1396 1088 er
1409 1021 1491 1087 sehr

371 1142 475 1232 lange
491 1145 714 1213 verbunden”
727 1145 890 1235 equidem
903 1166 973 1214 non
987 1146 1161 1235 intellego.
1174 1146 1262 1214 Tota
1276 1144 1491 1212 matrimonii

348 1268 529 1352 historia,
564 1291 644 1338 cum
678 1271 883 1359 praesertim
921 1270 1109 1339 divortium
1135 1272 1204 1340 iam
1229 1273 1387 1350 instaret,
1412 1270 1490 1338 luce

372 1392 502 1461 clarius
535 1393 677 1479 indicat,
701 1395 793 1462 inter
816 1396 984 1484 coniuges
1007 1397 1292 1465 communionem
1317 1395 1489 1464 bonorum

375 1536 443 1584 non
474 1519 647 1586 exstitisse
670 1524 707 1586 et
728 1517 929 1588 Terentiam
953 1540 1010 1588 res
1034 1541 1116 1589 suas
1140 1540 1202 1609 per
1225 1526 1489 1609 procuratorem

373 1661 477 1709 suum
514 1641 741 1711 Philotimum
773 1643 1037 1714 administrasse
1080 1666 1205 1735 neque,
1249 1646 1315 1712 nisi
1351 1664 1490 1711 summa

373 1767 580 1836 necessitate
622 1776 791 1854 coactam,
836 1776 910 1841 viro
949 1771 1141 1860 quidquam
1177 1771 1387 1858 impertiisse
1422 1767 1489 1855 (of.

374 1889 578 1960 Schmidt
601 1893 642 1962 N.
667 1896 694 1964 J.
721 1897 734 1996 l
759 1918 792 1984 p.
816 1895 892 1976 175,
904 1895 996 1984 180).
1010 1896 1173 1966 Ceterum
1188 1896 1231 1963 de
1244 1896 1294 1963 rei
1307 1894 1492 1964 familiaris

376 2016 519 2087 historia
542 2018 645 2106 plura
668 2019 898 2089 Drumann
923 2023 1088 2090 disseruit
1112 2021 1175 2109 (VI
1195 2019 1398 2108 382-401),
1428 2019 1488 2108 qui

373 2141 408 2208 in
434 2141 500 2210 hac
522 2163 561 2210 re
587 2144 665 2232 plus
687 2146 793 2214 etiam
819 2166 926 2235 quam
950 2145 1033 2215 alibi
1056 2147 1217 2235 iniquum
1237 2145 1270 2213 in
1285 2145 1489 2214 Ciceronem

374 2267 491 2355 prodit
536 2268 706 2353 animum,
752 2291 817 2340 nec
865 2292 933 2339 non
983 2270 1226 2352 Briickner,
1278 2269 1490 2349 Boissier‚

374 2389 592 2463 Schmidt:
616 2415 680 2463 nos
703 2415 794 2484 quae
818 2395 861 2464 ad
886 2396 980 2464 exilii
1002 2402 1145 2486 tempus
1169 2396 1347 2483 pertinent
1367 2413 1490 2461 recen-

373 2516 538 2586 sobimus.

418 2641 507 2712 Cum
531 2663 625 2732 aqua
648 2649 684 2712 et
706 2644 778 2733 igni
792 2645 950 2714 Ciceroni
963 2646 1189 2714 interdictum
1202 2650 1266 2722 est,
1279 2664 1297 2710 e
1311 2642 1491 2734 legebona

373 2767 449 2834 eius
483 2767 661 2855 publicata
695 2776 779 2838 sunt
813 2770 892 2857 (Dio
926 2769 980 2848 38,
1011 2769 1065 2838 17.
1088 2770 1136 2856 6).
1161 2769 1303 2839 clodius
1336 2789 1377 2837 eo
1409 2788 1490 2856 poo-

375 2912 455 2959 nam
481 2892 633 2962 reddidit
651 2896 860 2983 graviorem,
885 2896 977 2984 quod
1002 2895 1148 2964 domum
1172 2901 1356 2982 tamquam
1382 2893 1491 2960 hostis

375 3016 504 3105 publici
529 3017 602 3086 solo
625 3020 799 3107 aequavit,
824 3041 943 3088 aream
967 3059 1011 3069 —
1036 3027 1075 3087 ut
1098 3019 1181 3087 olim
1208 3019 1405 3088 Manlianus
1429 3019 1492 3086 do·

375 3160 455 3209 mus
476 3179 521 3190 —
544 3145 772 3216 consecravit.
800 3144 898 3214 villas
923 3184 960 3193 —
988 3144 1138 3229 „ocellos
1162 3144 1305 3212 ltaliae'’
1330 3144 1388 3230 (ad
1418 3144 1490 3212 Att.

374 3265 454 3334 XVI
487 3265 558 3354 62)
595 3307 634 3316 —
670 3269 787 3338 diruit.
824 3267 921 3349 Quae
957 3269 1050 3338 mala
1084 3290 1165 3338 cum
1190 3269 1393 3339 Ciceronem
1418 3270 1489 3337 acri

374 3389 493 3460 dolore
528 3392 719 3475 allicerent,
751 3400 827 3463 tum
863 3415 904 3463 eo
939 3401 1098 3484 tempore
1135 3395 1379 3463 molestissima
1414 3402 1491 3462 erat

374 3517 544 3606 pecuniae
568 3520 762 3607 praesentis
785 3520 913 3609 inopia.
940 3520 1029 3588 Nam
1044 3541 1183 3608 magua
1207 3538 1289 3610 pars
1312 3520 1364 3587 rei
1387 3519 1491 3587 lami-

374 3640 469 3709 liaris
493 3661 574 3710 cum
599 3650 776 3712 constaret
796 3665 838 3712 ex
862 3645 979 3728 rebus,
1003 3665 1094 3735 quae
1109 3646 1242 3714 moveri
1254 3666 1323 3714 non
1338 3652 1490 3734 possent,

374 3765 472 3833 nulla
495 3764 578 3834 data
602 3766 775 3836 vendendi
797 3768 965 3837 facultate
986 3769 1030 3837 ad
1051 3789 1153 3838 usum
1176 3769 1261 3838 nihil
1276 3768 1489 3859 proficiebat.

375 3889 488 3959 Variis
511 3891 618 3980 igitur
643 3893 754 3961 modis
776 3893 963 3963 facultates
986 3893 1052 3962 sibi
1075 3915 1280 3984 comparare
1304 3915 1393 3984 opus
1412 3895 1489 3962 fuit.

375 4014 564 4085 Pecuniam
597 4015 727 4097 Quinto
757 4018 860 4086 fratri
894 4018 1026 4087 cibaria
1061 4020 1096 4087 in
1120 4022 1265 4089 tertium
1290 4020 1490 4108 provinciae

373 4160 507 4208 annum
531 4141 742 4211 destinatam
768 4144 837 4210 iam
861 4151 944 4212 ante
968 4144 1230 4213 damnationem
1254 4144 1321 4213 sibi
1344 4164 1491 4213 enume-

375 4265 522 4333 randam
569 4278 766 4346 curaverat,
801 4268 1008 4356 interposita
1043 4289 1123 4337 cum
1159 4269 1406 4358 quaestoribus
1448 4268 1492 4338 de

372 4411 501 4480 genere
535 4411 764 4462 nummorum
789 4393 1004 4462 dissensione
1032 4394 1201 4483 („Scripsi
1221 4394 1264 4462 ad
1285 4401 1491 4484 quaestores
