3778 5488
858 810 921 879 211

489 1009 590 1067 ...nii
612 1009 719 1087 ingene
740 1009 778 1070 ed
799 1008 888 1068 finem
912 1008 982 1069 solie
1000 1010 1038 1069 ub
1059 1015 1127 1070 ortu

428 1125 495 1200 iiio,
517 1126 564 1184 oui
587 1130 680 1203 peret,
703 1125 805 1184 mitius
825 1125 905 1184 orbiu
927 1125 1025 1185 hebet.

1184 1204 1236 1280 (ib.
1259 1204 1328 1263 825
1350 1203 1408 1282 eq.)

387 1293 487 1398 thue
507 1321 584 1398 uiiiu,
608 1339 733 1399 quorum
757 1339 914 1380 numerum
936 1321 1147 1399 comprendere
1168 1339 1227 1380 nou
1249 1325 1303 1396 eet,

426 1437 604 1497 Oueuureum
627 1456 736 1497 numen
758 1438 800 1496 uio
822 1437 895 1496 mihi
917 1437 987 1496 mite
1008 1436 1075 1495 fuit.

1166 1517 1216 1590 (ib.
1242 1516 1328 1574 11.19
1350 1516 1407 1591 eq.)

385 1633 459 1693 Cum
482 1630 573 1705 subit,
594 1634 725 1710 Augusti
746 1651 823 1710 quue
844 1634 883 1693 uit
903 1633 1061 1693 elementia
1073 1677 1080 1691 .
1093 1674 1101 1691 .
1113 1675 1140 1692 ..

429 1749 566 1809 ...siri
588 1750 747 1810 mitiu....

724 1903 725 1908 η
1089 1829 1139 1906 (ex
1160 1830 1194 1888 P.
1216 1829 1232 1887 I
1253 1827 1333 1898 259,
1354 1827 1406 1899 87)

384 1946 451 2005 Nou
473 1946 527 2005 tibi
549 1945 754 2006 Theromedon
776 1945 924 2004 eruduuve
946 1945 1102 2024 rogabitur
1122 1947 1242 2020 Atreus,

423 2059 541 2138 Quique
561 2061 624 2120 uuiu
644 2060 779 2119 homiues
800 2060 910 2139 pabulo
931 2059 1001 2119 feeit
1021 2062 1120 2138 equiu:

384 2175 441 2234 Sed
463 2177 547 2254 pigot
567 2177 604 2237 od
627 2195 736 2254 poeuuu
757 2177 903 2254 princepe,
924 2175 962 2237 ud
985 2177 1116 2254 praemio
1138 2174 1235 2251 velox,

423 2293 541 2370 Quique
562 2291 651 2370 dolet,
673 2294 810 2372 quotiens
830 2293 948 2370 cogitur
967 2311 1031 2351 esee
1053 2291 1155 2351 ferox:

382 2407 440 2477 Qui
462 2409 534 2468 rieit
554 2427 681 2487 uemper,
705 2409 790 2468 viotiu
813 2413 846 2468 ut
866 2426 986 2486 pereum
1008 2412 1116 2486 posset,

421 2523 536 2585 Oleueii
554 2530 584 2584 et
604 2530 727 2584 aeterna
746 2524 840 2583 eiviee
861 2523 939 2583 bellu
956 2541 1037 2582 uere:

381 2641 475 2700 Multo
497 2645 578 2700 metu
601 2659 721 2718 poenae,
744 2658 840 2718 poeuu
861 2641 911 2718 qui
936 2659 1030 2717 puuou
1051 2644 1175 2714 coercet,

423 2753 458 2814 ut
479 2757 549 2815 iuuit
570 2758 667 2816 invite
690 2754 817 2816 fulmina
839 2775 907 2815 reru
929 2773 1029 2815 mauu.

1146 2870 1199 2947 (ib.
1233 2870 1402 2940 119-126)

419 2987 530 3065 Magne
552 2993 651 3047 temen
673 3006 740 3065 epeu
761 2993 806 3047 eut
826 2989 858 3046 in
879 2988 1012 3048 bouitute
1034 2986 1092 3046 dei.

1244 3100 1295 3178 (ib.
1322 3101 1403 3171 6.46)

379 3218 440 3278 Our
461 3237 516 3297 ego
537 3237 622 3296 pouue
644 3237 749 3297 negem
773 3219 866 3278 minui
890 3219 962 3277 mihi
985 3217 1117 3276 neminie
1137 3216 1223 3291 irum,

418 3333 494 3393 (ium
517 3333 634 3393 viduum
657 3336 743 3393 miteu
765 3334 899 3394 hostibus
921 3334 1041 3411 (Beioui
1063 3332 1202 3410 uiiiuque)
1224 3349 1288 3389 esee
1309 3328 1400 3388 deoe?

1075 3453 1126 3523 (ex
1147 3447 1181 3507 P.
1202 3447 1234 3505 11
1259 3449 1323 3506 1.47
1345 3447 1400 3522 sq.)

380 3565 453 3624 Mite
473 3565 524 3624 eod
546 3565 657 3625 iroium
681 3569 786 3626 merito
808 3566 879 3624 mihi
901 3584 1013 3624 numen
1035 3563 1135 3624 edom.

1223 3678 1275 3755 (ib.
1299 3678 1401 3743 2109)

378 3794 439 3854 Neo
460 3801 560 3854 temen
583 3797 736 3856 Aetnaeus
758 3802 841 3856 uasto
862 3796 1065 3875 Polyphemus
1089 3795 1119 3853 iu
1141 3799 1238 3870 antro,

419 3913 551 3989 Aooipiet
573 3931 659 3972 voees
680 3913 899 3991 Antiphatesve
920 3919 1001 3972 tuuu:

378 4025 434 4084 Sed
456 4026 591 4102 placidus
610 4027 765 4105 iueiiieque
785 4047 893 4106 perone
915 4028 1080 4105 veniaeque
1102 4031 1233 4103 peruius,

420 4142 458 4200 lut
478 4143 530 4218 qui
552 4140 696 4201 fulmineo
717 4161 804 4221 uuepe
825 4145 890 4202 uine
911 4144 981 4220 igne
1001 4147 1093 4201 tonet.

376 4257 433 4326 Qui
455 4276 522 4316 eum
544 4259 630 4317 triete
650 4258 763 4335 aliquid
785 4260 899 4336 etutuit,
921 4259 955 4316 fit
975 4259 1068 4317 trieiiu
1089 4262 1118 4316 ui
1140 4257 1212 4334 ipse,

417 4372 532 4451 Ouique
553 4373 617 4432 iere
638 4392 763 4451 poenum
786 4393 903 4434 sumere
925 4392 1020 4452 poene
1040 4392 1095 4432 suu
1115 4377 1168 4431 eet.

1153 4487 1204 4561 (ib.
1229 4487 1397 4564 113-118)
