3778 5488
821 687 946 756 ‘247

510 887 626 965 Scripta
648 891 825 946 vetustatem
847 887 872 946 si
895 887 980 948 modo
1001 891 1103 946 nostra
1123 885 1234 946 ierunt.

1168 1001 1428 1081 ffivfflw

469 1117 565 1179 Grada
586 1118 670 1189 mihi,
692 1122 826 1178 nostrum
847 1119 872 1178 si
894 1137 953 1177 non
976 1118 1100 1178 mortale
1121 1117 1255 1178 futurum
1278 1123 1324 1178 est

509 1232 647 1305 Carmen,
667 1234 699 1292 in
721 1252 772 1294 ore
793 1233 935 1310 frequens
956 1234 1138 1312 posteritatis
1158 1234 1226 1293 eris.

1100 1350 1150 1428 (ex
1170 1351 1204 1410 P.
1227 1350 1259 1408 11
1281 1352 1348 1410 633
1371 1352 1428 1426 sq.)

509 1466 540 1526 Si
562 1471 662 1525 umen
683 1485 703 1524 a
723 1467 846 1526 memori
868 1466 1040 1544 posteritate
1061 1466 1223 1543 legar....

471 1581 532 1642 Vos
552 1583 641 1642 etiarn
664 1583 722 1641 seri
743 1581 909 1642 laudabunt
929 1599 1017 1660 saepe
1038 1585 1168 1659 nepotes,

508 1697 657 1775 (llaraque
677 1697 734 1756 erit
754 1697 872 1775 seriptis
892 1697 989 1774 gloria
1010 1701 1109 1757 rastra
1129 1697 1211 1756 meis.

1013 1811 1064 1890 (ex
1085 1814 1120 1874 P.
1141 1814 1190 1872 111
1212 1814 1290 1890 230,
1313 1812 1350 1872 35
1372 1815 1428 1890 sq.)

511 1929 565 1988 ilst
585 1928 694 2006 aliquis
715 1933 849 1988 nostrum
871 1929 896 1988 si
918 1928 1004 1989 ruodo
1024 1947 1144 1988 carmen
1164 1929 1268 1989 bonor.

1273 2043 1324 2119 (ib.
1349 2046 1429 2118 124)

348 2209 503 2272 attamen
540 2203 666 2272 ultima
702 2204 789 2272 vatis
825 2224 889 2272 vox
924 2209 978 2271 cst
1011 2203 1162 2272 altisona
1184 2204 1245 2273 illa
1267 2205 1466 2274 carminum

348 2349 495 2397 suorum
519 2327 698 2416 gloriatio:
721 2348 765 2396 ex
788 2329 825 2396 P.
851 2328 896 2397 IV
925 2327 974 2412 ¹6,
1000 2328 1058 2396 ubi
1078 2349 1121 2396 cx
1134 2329 1237 2417 longa
1249 2331 1339 2397 serie
1352 2329 1467 2397 nomi-

349 2474 434 2522 num
471 2460 654 2543 poetarum
690 2453 891 2542 aequalium
929 2452 1044 2522 Ovidii
1079 2475 1189 2523 unum
1216 2474 1342 2522 nomen
1367 2454 1468 2522 nobis

348 2577 464 2646 elucet
483 2577 550 2666 (Cf.
574 2577 773 2646 Ribbeck
798 2578 882 2667 Hp.
906 2577 999 2667 335).
1111 2603 1114 2610 >

394 2703 646 2772 Verumtamen
683 2701 829 2771 Ovidius
862 2703 974 2790 gloria
1007 2722 1133 2772 mccus
1167 2702 1283 2772 sactus
1312 2709 1467 2772 nonest.

348 2827 487 2896 Sciebat
523 2829 682 2897 carmina
713 2847 777 2895 sua
800 2827 996 2907 Tomitana,
1020 2848 1172 2917 quorum
1199 2829 1346 2896 materia
1368 2828 1467 2896 exilis

348 2951 435 3021 adeo
469 2959 506 3021 et
537 2973 661 3041 parum
691 2953 911 3032 vacuasset,
937 2952 1111 3041 prioribus
1136 2952 1253 3020 minus
1277 2951 1369 3020 bona
1391 2972 1466 3020 esse

348 3085 455 3166 atque
479 3097 549 3164 quo
574 3075 676 3166 plura
700 3075 836 3155 fierent,
860 3097 901 3144 eo
926 3075 1002 3144 lieri
1025 3076 1218 3144 deteriora:

467 3210 509 3270 Ut
529 3229 655 3289 peragas
678 3183 827 3287 mandata,
849 3209 934 3287 liber,
955 3210 1115 3289 culpabere
1135 3209 1236 3270 iorsan

508 3327 686 3405 Ingeniique
708 3327 805 3386 minor
825 3326 914 3386 laude
936 3324 1032 3385 iarere
1053 3327 1120 3385 mei.

466 3443 578 3502 Iudicis
599 3443 728 3503 officium
749 3447 803 3512 est,
825 3446 859 3501 ut
879 3459 936 3518 res,
958 3442 1001 3501 ita
1022 3447 1156 3520 tempora
1177 3461 1275 3502 rerum

507 3560 666 3629 Quaerere.
688 3560 824 3636 quaesito
845 3564 977 3637 tempere
997 3564 1081 3619 tutus
1101 3560 1171 3618 eris.

1145 3673 1208 3752 (Tr.
1230 3675 1245 3732 Ι
1268 3675 1362 3734 l.35-
1377 3677 1426 3752 38)

468 3809 592 3886 Aequus
612 3808 669 3866 erit
689 3808 815 3885 scriptis,
837 3826 963 3885 quorum
984 3808 1159 3885 cognoverit
1178 3826 1242 3867 asae

508 3919 639 3983 Exilium
661 3929 778 4002 tempus
800 3923 1028 4000 barbariamque
1049 3923 1155 3983 locum.

1105 4040 1167 4112 (Tr.
1188 4039 1238 4097 111
1261 4040 1347 4098 1429
1369 4041 1427 4116 sq.)

467 4155 512 4214 Tu
534 4173 653 4233 qnoque
674 4175 732 4214 non
755 4155 870 4225 melius,
892 4174 981 4233 quam
1003 4162 1073 4214 aunt
1095 4173 1159 4214 mea
1182 4159 1465 4232 tempora,carmen‚

507 4270 672 4331 Interdieta
692 4271 774 4340 milri,
796 4271 926 4342 consule,
948 4271 1052 4340 Roma,
1075 4271 1161 4329 bonil

1111 4386 1171 4463 (Tr.
1194 4385 1237 4443 lv
1262 4385 1348 4444 1.105
1369 4385 1427 4463 sq.)
