3792 5486
997 701 1042 770 86

458 920 602 987 perraro
645 921 686 968 ea
729 900 815 982 loca,
861 899 919 967 ubi
953 903 1064 989 primo
1100 903 1214 968 lucem
1250 907 1473 988 aspexerunt,
1509 899 1574 987 ipsi

457 1032 736 1095 commemorant
759 1024 826 1110 (cf.
852 1047 884 1114 p.
910 1025 930 1090 7
954 1026 1033 1115 sq.).

501 1149 658 1218 Cicero
693 1150 826 1238 Arpino
850 1170 913 1217 suo
937 1151 1071 1218 clarum
1099 1156 1367 1219 monumentum
1394 1150 1509 1238 prrsuit
1531 1148 1575 1215 de

459 1273 537 1363 Leg.
562 1274 593 1341 ll
614 1273 646 1357 3,
668 1274 727 1342 ubi
748 1281 887 1363 praeter
898 1276 1147 1342 amoenitatem
1160 1281 1197 1343 et
1209 1275 1453 1343 salubritatem
1467 1275 1572 1342 aliam

458 1419 599 1487 quoque
623 1419 765 1467 causam
791 1419 866 1466 esso
890 1399 1040 1487 scripsit,
1064 1419 1154 1486 quae
1179 1420 1215 1466 se
1237 1400 1361 1488 Arpini
1373 1399 1575 1476 delectaret,

458 1542 540 1589 nam
566 1523 674 1605 „haec
698 1531 751 1590 est
776 1545 851 1591 mea
875 1532 911 1591 et
932 1524 1036 1592 huius
1049 1524 1168 1591 fratris
1182 1525 1249 1591 mei
1261 1543 1431 1611 germana
1444 1523 1574 1612 patria:

459 1648 514 1716 uic
537 1648 631 1715 enim
656 1649 723 1715 orti
747 1649 856 1736 stirpe
879 1648 1126 1735 antiquissima
1149 1669 1292 1731 sumus3
1320 1649 1374 1716 lric
1394 1668 1505 1728 sacra,
1521 1646 1575 1714 liic

457 1792 579 1858 genus
616 1772 671 1840 hic
709 1774 881 1841 maiorum
914 1772 1026 1841 multa
1066 1773 1296 1860 vestigia...
1330 1773 1394 1839 hoc
1427 1771 1504 1859 ipso
1539 1771 1573 1836 iu

458 1896 543 1980 loco,
579 1918 660 1965 curn
699 1918 786 1965 avus
822 1899 954 1965 viveret
986 1911 1020 1964 et
1051 1898 1196 1986 antiquo
1232 1916 1328 1965 more
1352 1917 1461 1985 parra
1483 1902 1575 1963 esset

459 2020 548 2106 villa,
575 2030 614 2089 nt
637 2022 698 2089 illa
722 2021 875 2090 Curiana
900 2022 934 2088 in
960 2021 1109 2103 Sabinis,
1140 2043 1194 2089 me
1218 2022 1305 2090 scito
1328 2041 1404 2088 osse
1431 2028 1574 2102 nalum;

457 2167 528 2234 qua
562 2167 600 2214 re
637 2147 726 2213 inest
761 2145 878 2214 nescio
914 2145 996 2234 quin
1035 2151 1070 2213 et
1094 2146 1179 2213 lalet
1201 2147 1235 2212 in
1261 2146 1379 2213 animo
1404 2166 1444 2213 ac
1468 2165 1571 2212 seusu

459 2289 547 2350 mco,
571 2290 641 2358 quo
668 2290 722 2337 me
748 2270 827 2359 plus
850 2270 907 2338 hic
930 2269 1028 2338 locus
1047 2271 1196 2338 fortasse
1216 2270 1375 2353 (lelsctet,
1389 2272 1417 2338 si
1430 2270 1572 2359 quidem

455 2395 561 2462 etiam
597 2393 655 2462 ille
691 2395 970 2483 sapientissimus
1009 2394 1070 2472 vir,
1095 2394 1250 2462 lllracam
1279 2405 1316 2461 ut
1342 2394 1485 2476 videret,
1509 2395 1573 2461 im-

458 2517 706 2586 mortalitatem
746 2519 912 2587 scribitur
943 2519 1181 2606 repudiasse.n
1217 2519 1282 2587 Hic
1305 2527 1340 2587 et
1363 2519 1505 2608 quando
1531 2519 1573 2585 de

458 2642 568 2710 Mario
605 2644 782 2731 municipe
814 2663 877 2710 suo
901 2644 983 2731 agit,
1008 2643 1215 2731 Arpinatem
1242 2663 1278 2710 se
1302 2662 1377 2710 esse
1404 2644 1572 2726 meminit,

455 2766 541 2834 alias
563 2767 743 2836 Romanus
767 2787 843 2836 esse
867 2767 931 2835 sibi
954 2767 1137 2835 videbatur
1151 2767 1230 2835 licet
1243 2768 1320 2835 aliis
1331 2769 1435 2835 etiarn
1451 2767 1571 2835 consul

456 2897 616 2959 maneret
650 2892 867 2980 „inquilinus
899 2894 984 2961 civis
1020 2893 1221 2960 Romanus*
1257 2891 1353 2976 (Sall.
1389 2891 1464 2961 Cat.
1502 2891 1571 2980 31).

453 3015 566 3097 Quam
610 3017 757 3085 alteram
803 3019 953 3105 patriam
993 3017 1198 3104 frequenter
1228 3019 1367 3102 egregie
1402 3017 1569 3085 laudavit.

455 3140 545 3209 Urbs
569 3141 601 3208 ei
624 3148 678 3208 est
702 3141 939 3224 „domicilium
965 3142 1103 3231 imperii
1127 3142 1438 3228 etgloriacldeor.
1454 3140 1573 3230 1105),

454 3286 524 3332 una
548 3266 583 3333 in
608 3266 773 3334 omuibus
796 3267 899 3334 terris
924 3267 1049 3333 domus
1072 3276 1125 3333 est
1152 3267 1299 3350 virtutis
1325 3266 1475 3354 imperii,
1497 3266 1572 3352 dig-

452 3391 573 3458 nitatis
596 3389 658 3478 (ib.
682 3391 774 3476 luo),
798 3391 858 3458 lux
882 3373 977 3458 orbis
1000 3400 1178 3459 terrarum
1205 3400 1311 3478 atque
1335 3411 1398 3458 arx
1412 3391 1569 3458 omnium

452 3515 611 3602 gentium
647 3514 763 3599 (Catil.
798 3514 844 3582 lV
879 3514 948 3602 ll),
986 3515 1072 3582 nihil
1107 3515 1142 3582 in
1174 3515 1278 3583 terris
1311 3515 1420 3583 Roma
1449 3515 1572 3582 melius

452 3638 511 3724 (de
541 3638 635 3707 door.
661 3645 732 3706 nat.
758 3638 907 3726 11121);
932 3639 1160 3707 Romaetam
1187 3640 1298 3708 multa
1322 3648 1507 3728 geruntur,
1534 3644 1572 3708 ul

454 3763 509 3830 vix
543 3783 596 3847 ea,
620 3783 712 3852 quae
736 3761 827 3831 liunt
849 3765 884 3831 in
908 3764 1106 3852 provinciis,
1130 3764 1322 3832 audiantur
1346 3764 1426 3852 (pro
1451 3763 1567 3832 Planc.

451 3885 542 3971 63)”.
567 3887 638 3956 Hoc
663 3887 757 3955 orbis
782 3886 900 3955 lumen
925 3888 1083 3955 esseiam
1096 3889 1570 3976 quaestoriusperspexerat,

453 4018 493 4079 ut
526 4011 640 4100 lepide
661 4012 781 4080 iocans
805 4018 926 4080 narrat
953 4033 1015 4100 pro
1039 4012 1180 4080 Plancio
1204 4011 1249 4080 94
1272 4033 1366 4102 sqq.:
1392 4013 1470 4096 „Sic
1494 4021 1569 4081 turn

451 4135 708 4218 existimabam,
722 4136 808 4203 nihil
822 4136 982 4204 homines
994 4137 1088 4204 aliud
1102 4136 1234 4205 Romae
1248 4138 1314 4204 nisi
1327 4137 1369 4204 dc
1379 4144 1571 4225 quaestura

454 4280 529 4327 mea
567 4260 750 4348 loqui....
787 4260 833 4329 At
867 4281 931 4349 ego
967 4282 1048 4330 cum
1084 4280 1168 4328 casu
1204 4259 1328 4328 diebus
1362 4260 1404 4330 iis
1435 4261 1570 4329 itineris

453 4384 603 4453 faciendi
646 4404 753 4454 causa
796 4383 968 4454 decedens
1010 4403 1029 4452 e
1066 4386 1246 4474 provincia
1281 4384 1444 4453 Puteolos
1478 4385 1568 4454 forte
