3792 5486
1019 735 1085 803 132

487 933 584 1014 Quae
607 943 727 1002 antem
750 941 923 1003 statuerat
946 934 990 1001 de
1013 935 1124 1002 servis
1136 933 1209 1001 suis
1221 940 1257 1001 et
1268 931 1464 1014 Terentiae,
1478 930 1601 1000 Cicero

486 1059 670 1129 Terentiae
706 1069 829 1150 rogatu
865 1060 986 1129 scribit
1022 1059 1066 1128 ad
1102 1059 1125 1126 i.
1161 1057 1242 1127 XIV
1275 1056 1349 1126 lala:
1381 1056 1453 1142 „De
1472 1055 1606 1124 familia

488 1184 644 1271 liberata,
681 1185 768 1253 nihii
803 1190 854 1252 est
891 1183 984 1272 quod
1020 1190 1055 1251 te
1093 1189 1241 1252 moveat.
1278 1183 1434 1249 Primum
1464 1181 1534 1249 tuis
1556 1180 1606 1248 ita

488 1311 699 1400 promissum
743 1319 806 1392 est,
848 1317 883 1377 te
919 1310 1095 1378 iacturam
1131 1327 1219 1390 esse,
1255 1313 1295 1376 ut
1331 1308 1481 1396 quisque
1516 1311 1607 1374 esset

488 1436 653 1519 meritus;
695 1440 749 1503 est
782 1442 900 1502 autom
936 1435 971 1500 in
1008 1433 1121 1502 officio
1156 1432 1273 1501 adhue
1309 1431 1472 1520 Orpbeus
1508 1430 1605 1518 (eum

486 1559 619 1628 scilicet
642 1579 762 1628 secum
787 1560 821 1626 in
847 1558 991 1626 exilium
1005 1558 1183 1645 duxerat),
1196 1563 1380 1647 praeterea
1394 1575 1607 1646 magnopere

485 1703 600 1753 nemo.
635 1683 840 1753 Ceterorum
875 1703 1058 1752 servorum
1090 1703 1132 1750 ea
1156 1689 1352 1764 causaest,
1376 1689 1427 1762 ut,
1450 1681 1477 1748 si
1505 1700 1561 1746 res
1585 1699 1606 1746 a

486 1808 587 1876 nobis
609 1808 748 1894 abisset,
773 1807 889 1876 ilberti
912 1809 1023 1876 nostri
1035 1814 1163 1886 essent,
1176 1807 1204 1874 si
1217 1806 1377 1874 obtinere
1393 1805 1605 1894 potuissent3

486 1933 539 2000 sin
575 1933 621 2001 ad
656 1953 719 2001 nos
754 1932 982 2021 pertinerent,
1006 1933 1180 2000 servirent
1204 1937 1452 2021 praeterquam
1477 1927 1605 2018 oppido

412 2099 413 2102 =
487 2058 622 2147 pauci.”
659 2057 773 2126 Etiam
810 2058 865 2126 hio
900 2058 1007 2146 igitur
1042 2056 1247 2126 Ciceronem
1271 2055 1433 2144 quamvis
1456 2053 1606 2144 propriis

375 2213 377 2220 ⁴
487 2182 588 2249 malis
603 2190 764 2251 vexatum
778 2182 985 2251 clementiae
998 2187 1035 2250 et
1046 2181 1277 2250 humanitatis
1291 2179 1433 2270 plenum
1447 2178 1605 2247 videmus

484 2306 520 2372 in
546 2325 616 2388 eos,
641 2325 792 2396 quorum
817 2306 968 2375 salutem
993 2306 1025 2373 ei
1038 2305 1181 2374 fortuna
1193 2304 1433 2373 mandaverat.
1448 2302 1539 2370 Nota
1552 2309 1605 2370 est

486 2431 562 2498 eius
596 2430 689 2519 apud
726 2430 884 2500 Atticum
916 2429 1094 2499 excusatio
1117 2430 1211 2519 quod
1237 2436 1349 2498 morte
1373 2429 1464 2496 servi
1488 2426 1603 2495 dilecti

486 2554 520 2620 in
556 2554 742 2622 scribendo
776 2554 1017 2624 conturbatior
1051 2561 1143 2622 esset
1177 2554 1236 2641 (ad
1262 2554 1334 2623 Att.
1358 2555 1373 2622 Ι
1396 2552 1490 2620 12.4;
1517 2570 1605 2641 puer

486 2679 642 2758 festivus
663 2689 873 2767 anagnostes
897 2687 1026 2758 noster,
1051 2679 1232 2747 Sositheus
1255 2679 1454 2748 decesserat
1478 2694 1604 2764 meque

489 2801 566 2890 plus
588 2822 696 2890 quam
721 2804 812 2871 servi
826 2823 920 2872 mors
932 2802 1060 2871 debere
1075 2803 1269 2887 videbatur,
1282 2805 1548 2888 commoverat).
1560 2837 1604 2848 —·

531 2925 740 2996 Ovidium
775 2938 811 2996 et
845 2927 1059 2997 Senecam
1093 2933 1213 2996 utrum
1239 2928 1331 2996 servi
1354 2926 1511 2996 comitati
1534 2926 1605 2992 sint

485 3072 606 3135 necne,
626 3053 820 3134 nescimns;
846 3052 888 3120 de
901 3051 959 3120 iiio
974 3051 1161 3120 verisimile
1173 3060 1237 3134 est,
1250 3053 1293 3120 rie
1309 3037 1373 3121 hoc
1385 3053 1434 3120 nil
1447 3058 1603 3123 certum:

486 3176 631 3245 Ovidius
654 3177 749 3244 enim
773 3177 891 3244 omnia
913 3196 979 3244 sua
1004 3175 1105 3260 bona,
1129 3196 1212 3264 ergo
1224 3196 1343 3244 servos
1356 3197 1497 3267 quoque
1510 3198 1602 3263 suos,

483 3302 658 3372 retinebat
681 3321 834 3390 quorum
859 3300 1046 3369 nonnullos
1071 3321 1154 3368 eum
1177 3321 1297 3370 secum
1322 3301 1450 3370 Tomos
1462 3303 1602 3371 duxisse

485 3432 642 3495 statuere
666 3426 746 3495 licet
769 3446 812 3493 ex
836 3425 893 3493 Tr.
918 3423 1135 3509 13.9:„Non
1152 3425 1237 3493 mihi
1250 3445 1445 3508 servorum,
1458 3428 1604 3496 comites

485 3570 555 3618 non
569 3571 655 3620 cura
668 3551 838 3640 legendi.”
854 3550 960 3618 Bonis
974 3548 1159 3638 publicatis
1172 3549 1325 3619 Senecae
1337 3550 1435 3619 nulia
1449 3552 1604 3620 restabat

486 3675 520 3742 in
556 3695 674 3743 servos
708 3675 909 3744 auotoritas.
942 3674 1034 3742 Fieri
1057 3681 1177 3742 tamen
1201 3681 1326 3763 potest,
1351 3681 1391 3743 ut
1416 3675 1604 3744 voluntarii

484 3800 628 3889 quidam
651 3801 684 3867 ei
708 3801 853 3868 comites
875 3799 1018 3883 fuerint,
1042 3803 1080 3866 ut
1092 3799 1153 3887 qui
1167 3798 1386 3887 perhumane
1398 3801 1480 3868 cum
1493 3800 1603 3868 servis

483 3925 555 3991 suis
593 3924 722 3992 viveret
756 3923 826 4012 (ep.
857 3922 925 4008 47).
958 3924 1055 3991 Idem
1080 3923 1123 3990 de
1148 3921 1272 3990 Ovidio
1299 3943 1368 3990 non
1393 3923 1470 3991 sine
1494 3943 1602 3992 cansa

483 4046 564 4115 licet
595 4048 808 4137 praedicare,
833 4066 938 4136 quem
963 4045 1245 4134 proficiscentem
1269 4047 1361 4114 servi
1386 4046 1509 4115 tientes
1534 4048 1603 4115 oir-

483 4178 702 4239 oumstarent
724 4172 773 4239 ita
797 4183 836 4240 ut
859 4171 985 4239 domus
1007 4171 1130 4239 Troiae
1155 4176 1278 4259 captae
1301 4171 1414 4239 instar
1436 4178 1547 4238 essct:

602 4313 728 4373 Femina
749 4316 853 4392 virque
876 4333 949 4391 meo,
971 4315 1055 4392 puori
1077 4331 1196 4392 qnoque
1219 4313 1325 4373 funere
1346 4321 1488 4386 moerent,

644 4429 741 4506 Inqno
761 4429 857 4488 domo·
869 4429 1006 4489 lacrimas
1026 4428 1156 4505 anguino
1176 4429 1274 4488 omnis
1294 4429 1393 4488 habat.
