3792 5486
846 693 912 762 113

368 893 578 981 Terentia1)
609 894 645 962 in
671 891 815 960 historia
838 889 1092 959 coniurationis
1114 887 1338 958 Catilinariae
1366 907 1440 956 me·

326 1023 495 1088 moratur.
530 1019 700 1088 Faustum
736 1035 839 1084 omen
864 1035 906 1082 ea
930 1020 1042 1098 nocte,
1066 1033 1157 1101 quae
1179 1013 1272 1081 inter
1294 1013 1439 1082 tertium

326 1148 360 1210 el
383 1148 551 1232 quartum
576 1143 669 1210 diem
693 1161 738 1208 m.
765 1139 966 1208 Decembris
989 1160 1020 1207 a.
1043 1137 1088 1206 o3
1109 1138 1318 1218 intercessit,
1345 1137 1440 1205 domi

326 1267 513 1351 Ciceronis,
538 1266 598 1336 ubi
621 1285 722 1335 sacra
747 1264 864 1332 Bonae
888 1263 981 1332 Deae
1005 1262 1286 1346 celebrabantur,
1306 1261 1439 1331 lactum

325 1392 489 1460 Terentia
524 1388 718 1460 Vestalium
749 1389 847 1457 iussu
879 1387 1015 1457 consuli
1039 1387 1215 1456 nuntiavit
1238 1387 1346 1474 (Plut.
1370 1386 1440 1457 Cic.

326 1516 381 1602 20,
403 1516 464 1586 Dio
475 1514 600 1601 3735).
625 1513 764 1603 Negotii
777 1533 929 1602 quoque,
945 1513 1038 1603 quod
1052 1512 1266 1581 Cicerocum
1282 1511 1317 1581 P.
1330 1511 1442 1581 Sestio

329 1640 460 1724 habuit,
484 1659 547 1728 per
570 1638 785 1729 colloquium
810 1640 985 1727 particeps
997 1637 1065 1706 suit
1076 1638 1135 1724 (ad
1149 1637 1308 1725 hvon).
1322 1636 1443 1718 Quan-

327 1771 404 1833 tum
438 1785 482 1833 ex
517 1763 641 1855 paucis
665 1762 760 1832 hisce
783 1761 899 1852 colligi
921 1766 1046 1852 potest,
1070 1761 1151 1830 talis
1175 1761 1313 1830 videtur
1335 1761 1443 1830 luisse

327 1889 467 1978 qualem
491 1909 570 1958 eam
593 1887 761 1957 describit
783 1886 995 1956 Plutarchus
1018 1885 1115 1975 (l.l.):
1141 1887 1290 1970 „mulier
1314 1892 1442 1955 natura

329 2033 442 2103 neque
477 2013 572 2082 mitis
606 2032 721 2102 neque
756 2011 890 2089 timida,
925 2031 1015 2100 quae
1050 2017 1138 2080 teste
1168 2011 1245 2100 ipso
1276 2010 1443 2081 Cicerone

329 2146 466 2227 partem
498 2139 614 2226 potius
645 2136 777 2228 publici
800 2134 906 2204 oflicii
930 2136 1006 2203 eius
1030 2134 1093 2204 sibi
1116 2141 1312 2204 assumeret
1335 2156 1441 2225 quam

328 2263 382 2330 sui
405 2261 588 2331 domestici
612 2259 743 2349 aliquid
768 2260 800 2329 ei
823 2260 1019 2348 impertiret
1034 2259 1097 2348 2).”
1119 2260 1285 2328 Feminae
1305 2259 1443 2328 firmam

328 2385 482 2456 indolem
516 2405 640 2454 revera
673 2384 852 2453 interdum
887 2382 1051 2453 mobilem
1076 2384 1193 2452 mariti
1216 2383 1376 2452 animum
1400 2383 1445 2452 ad

329 2511 466 2580 sortiter
499 2509 677 2598 agendum
710 2509 884 2592 incitasse,
920 2508 1085 2577 credibile
1118 2516 1181 2577 est.
1214 2508 1266 2596 (Si
1289 2508 1445 2577 Pseudo·

331 2634 497 2705 Sallustio
511 2632 563 2724 [iu
576 2632 646 2701 Oic.
659 2630 697 2722 3]
712 2631 797 2700 fides
809 2631 971 2701 habenda
983 2637 1046 2715 est,
1058 2652 1140 2701 cum
1154 2631 1317 2702 Terentia
1325 2632 1447 2702 Cicero

329 2760 372 2828 de
395 2780 433 2828 re
458 2756 598 2847 publica
621 2755 808 2841 consuluit,
831 2755 918 2845 legis
930 2755 1088 2825 Plautiae
1100 2757 1230 2826 iudicia
1246 2758 1341 2826 domi
1353 2757 1446 2842 lecit,

330 2884 531 2953 coniuratos
565 2882 763 2965 damnavit3
798 2881 827 2950 si
862 2879 1051 2949 Plutarcho
1087 2879 1147 2970 [29
1179 2880 1259 2972 sq.],
1284 2881 1447 2950 Terentia

332 3008 446 3075 virum
466 3025 572 3075 suum
595 3005 632 3074 in
656 3003 815 3073 Clodium
840 3005 1010 3087 incitavit,
1030 3005 1207 3094 suspicata
1232 3006 1336 3074 huius
1352 3027 1448 3074 soro·

332 3150 407 3199 rem
442 3129 599 3199 Clodiam
636 3148 780 3217 operam
803 3127 899 3207 dare,
924 3136 963 3197 ut
987 3134 1163 3198 oratorem
1187 3129 1230 3198 ad
1257 3131 1448 3199 divortium

332 3255 566 3345 perduceret.)
597 3252 636 3321 In
669 3273 707 3321 re
731 3252 896 3320 familiari
919 3262 1037 3321 autem
1062 3253 1125 3322 dos
1148 3255 1224 3322 eius
1246 3275 1315 3324 non
1340 3275 1449 3344 parva

333 3379 440 3468 (Plut.
474 3377 523 3462 8),
559 3397 667 3467 quam
697 3378 774 3466 ipsa
804 3375 925 3445 sedulo
950 3377 1230 3462 administmbat,
1257 3382 1450 3448 maximum

333 3502 399 3571 luit
422 3501 679 3572 adiumentum.
704 3501 754 3570 Ex
778 3500 929 3590 epistula
952 3501 996 3568 ad
1022 3501 1178 3571 Atticum
1203 3502 1251 3588 (ll
1275 3502 1366 3589 154)
1389 3525 1453 3593 ap-

335 3632 435 3718 paret
456 3647 535 3695 eam
560 3646 663 3715 agros
687 3624 845 3715 publicos
871 3626 1074 3714 possedisse,
1102 3627 1162 3716 qui
1188 3627 1335 3697 fortasse
1358 3629 1451 3696 idem

334 3757 437 3820 erant
469 3758 576 3840 atque
610 3750 732 3832 saltus,
764 3749 806 3817 de
838 3769 908 3839 quo
940 3751 1072 3819 mentio
1107 3751 1213 3820 fitod
1238 3751 1363 3821 Attii
1386 3753 1470 3822 45:

337 3877 490 3945 Maxima
524 3876 632 3964 igitur
667 3874 734 3942 luit
766 3873 909 3955 utilitas
945 3895 1053 3964 quam
1079 3875 1200 3945 Cicero
1224 3897 1266 3944 ex
1290 3879 1453 3965 coniugio

377 4153 408 4232 l)
449 4153 489 4213 Cl.
523 4152 556 4212 0.
589 4149 620 4211 Ε.
653 4149 817 4210 Schmidt
850 4149 948 4211 Cicero
982 4151 1041 4212 und
1068 4151 1198 4212 Terentia
1221 4153 1299 4214 Neue
1319 4155 1455 4216 Jahrb!

337 4268 442 4348 (1898)
462 4285 488 4346 p.
512 4268 571 4327 lll
592 4283 654 4344 sqq.

378 4385 408 4457 ἢ)
448 4381 490 4444 Cl.
512 4381 546 4443 ed
568 4381 587 4442 l.
613 4381 676 4442 XlV
699 4383 764 4452 l.l;
786 4383 835 4442 Μ
855 4390 883 4442 el
905 4383 940 4453 3;
961 4382 996 4443 ad
1018 4384 1052 4454 Q.
1075 4383 1109 4444 lr.
1131 4383 1143 4444 l
1165 4385 1213 4446 3.3
1230 4384 1455 4524 (citatspdlb).
