3778 5488
914 750 982 819 ι206

502 947 543 1008 Ut
563 948 622 1008 iem
644 946 687 1008 nil
708 952 849 1028 praestes,
870 950 964 1008 enimi
984 967 1050 1010 sum
1072 948 1169 1010 iectus
1188 948 1275 1008 eurici

541 1064 666 1125 Debitor
685 1069 715 1123 et
736 1065 874 1126 meritum
896 1065 974 1126 velie
995 1066 1099 1126 iuvere
1120 1083 1201 1126 roco.

1143 1185 1194 1256 (ex
1214 1181 1248 1239 P.
1270 1180 1314 1239 IV
1337 1179 1385 1242 8.5
1406 1181 1462 1259 eq.)

382 1319 418 1382 at
461 1312 621 1382 versibus
661 1333 743 1381 vere
789 1313 1037 1406 pulcherrimis
1081 1314 1357 1404 indignationem
1400 1333 1501 1382 suem

383 1439 554 1527 expressit
577 1459 618 1507 ex
644 1437 681 1506 P.
706 1437 754 1507 iii
779 1437 817 1507 7:

501 1609 602 1669 Verbe
622 1608 695 1668 mihi
717 1607 826 1670 desunt
846 1609 950 1670 eedem
974 1615 1035 1670 tem
1057 1627 1145 1689 saepe
1167 1610 1296 1688 roganti,

540 1725 666 1804 lemque
686 1724 788 1804 pudet,
809 1744 903 1788 venes
923 1725 984 1787 fine
1004 1743 1106 1786 cerere
1129 1743 1229 1804 preces
1242 1771 1249 1785 .
1263 1771 1270 1786 .
1283 1771 1309 1786 ..

501 1838 586 1910 Quod
608 1841 683 1902 bene
704 1841 741 1901 de
762 1841 846 1902 vobis
866 1843 994 1921 speravi,
1017 1841 1170 1922 ignoscite,
1192 1841 1295 1901 amici:

541 1956 626 2016 Telis
646 1957 787 2036 peccandi
807 1959 867 2018 iem
889 1958 961 2019 mihi
983 1957 1052 2020 finis
1072 1959 1210 2018 erit....

503 2073 556 2134 list
575 2077 675 2136 temm
697 2074 811 2152 utilius,
833 2075 965 2136 studium
987 2093 1116 2136 emese
1137 2092 1281 2151 meorum,

541 2190 648 2267 Quem,
668 2209 744 2269 ques
763 2189 923 2264 admonui,
945 2208 1004 2252 non
1029 2190 1158 2254 vetuisse
1178 2207 1289 2269 preces.

966 2311 1022 2382 (vs.
1045 2308 1060 2364 1
1083 2324 1138 2385 sq„
1160 2307 1178 2365 9
1200 2325 1255 2384 sq„
1276 2304 1314 2364 35
1335 2306 1402 2383 sq.).
1423 2337 1462 2346 -

425 2466 465 2534 In
499 2466 704 2536 uuiversum
728 2465 847 2556 igitur,
871 2470 995 2536 contre
1019 2470 1127 2554 atque
1151 2483 1243 2554 quae
1266 2464 1310 2532 de
1334 2463 1502 2532 Cicerone
1556 2453 1558 2456 ’

382 2590 483 2659 exule
507 2591 706 2676 statuimus,
731 2589 921 2661 dicendum
945 2596 998 2660 est
1023 2611 1144 2666 verum
1169 2609 1256 2671 esse,
1273 2588 1366 2678 quod
1381 2586 1504 2658 scribit

383 2713 599 2784 Reichert
617 2719 662 2801 ¹):
698 2715 784 2800 „Die
820 2715 925 2785 milde
960 2716 1075 2784 seiues
1105 2734 1238 2783 wescns
1263 2713 1324 2782 hat
1346 2714 1421 2781 ihm
1446 2712 1502 2780 die

381 2839 517 2910 triibscl
554 2840 651 2909 nicht
684 2839 845 2929 gemubt,
879 2860 919 2910 er
955 2840 1095 2908 verriith
1121 2838 1223 2907 keiue
1248 2836 1501 2925 verbitterung‚

383 2963 483 3033 keine
507 2963 810 3056 ungerechtigieit
833 2984 943 3056 gegen
968 2966 1064 3034 seine
1088 2963 1271 3032 freuude.'’

426 3089 613 3160 Inimicum
640 3109 750 3158 uuum
773 3089 805 3159 ei
826 3090 1000 3173 novimus,
1019 3089 1130 3167 Ibin,
1147 3108 1265 3178 quem,
1278 3092 1417 3177 poetam
1430 3087 1500 3154 iam

382 3214 521 3284 exulem
544 3215 719 3284 infamare
743 3219 778 3282 et
804 3213 904 3282 bouis
926 3213 1077 3301 spoliare
1101 3217 1299 3295 conantem,
1324 3210 1369 3279 ab
1393 3229 1502 3279 uxore

382 3339 557 3407 avunculo
592 3337 683 3408 Rufo
718 3338 878 3408 adiutore
913 3337 1051 3406 fortiter
1087 3336 1268 3425 repulsum
1291 3355 1368 3404 esse
1392 3353 1501 3423 supra

382 3464 452 3531 iam
500 3463 715 3552 scripsimus.
760 3463 809 3531 De
852 3463 929 3531 eius
964 3481 1113 3552 persone
1149 3461 1235 3529 nihii
1271 3468 1395 3530 uotum
1430 3465 1493 3528 est.

417 3609 561 3616 ..ψ-μ..
574 3611 594 3616 .-

423 3677 451 3746 t)
494 3674 543 3736 Die
575 3675 700 3736 sittiiche
734 3675 1022 3754 iebensanscimuung
1045 3674 1096 3736 des
1119 3674 1152 3734 P.
1176 3673 1298 3735 Ovidius
1320 3673 1405 3741 Naso,
1426 3671 1503 3732 Pois-

381 3790 447 3852 dum
470 3793 558 3862 1867,
581 3810 608 3870 p.
631 3793 678 3853 57.
