3734 5518
828 691 874 761 35

288 898 463 962 stentatus
478 897 519 982 ¹),
536 893 634 962 brevi
647 893 788 963 foedere
805 912 842 961 se
856 892 1118 961 coniunxerunt
1130 891 1171 980 ²).
1196 888 1296 958 Hane
1312 887 1407 956 urdi-

288 1038 376 1086 num
399 1017 634 1101 concordiam,
655 1038 764 1107 quam
775 1024 976 1108 temporum
989 1014 1406 1102 necessitasinexiguum

289 1148 432 1231 tempus
456 1142 547 1211 male
570 1143 685 1228 sarsit,
709 1141 831 1212 Gioero
854 1142 889 1209 in
904 1161 1008 1209 omne
1021 1160 1148 1209 aevum
1161 1136 1407 1208 confirmatam
1464 1190 1473 1204 .

290 1265 439 1355 putabat
473 1273 510 1335 et
531 1286 573 1335 eo
595 1268 831 1336 instrumento
856 1266 908 1336 uti
932 1263 1081 1356 parabat
1103 1264 1147 1332 ad
1170 1260 1409 1331 redueendam

291 1390 444 1478 quietem
475 1391 620 1472 civitati,
644 1412 751 1481 quam
772 1392 968 1460 etiamtunc
991 1389 1196 1460 Catilinaria
1225 1387 1409 1454 iuventute

292 1514 482 1604 periclitari
506 1515 747 1584 arbitrabatur
764 1518 805 1605 ³).
829 1515 1081 1586 Verumtamen
1104 1513 1216 1602 magis
1234 1509 1410 1611 timendos

291 1639 358 1708 sibi
382 1640 499 1709 bostes
522 1642 741 1711 consciverat
762 1641 813 1710 illi
836 1661 873 1710 se
897 1641 1102 1710 consocians
1124 1638 1258 1708 foederi
1278 1635 1410 1722 „bono-

292 1764 406 1848 rum’'‚
429 1764 464 1832 id
489 1771 552 1851 est,
576 1764 823 1856 optimatibus;
846 1766 983 1855 equites
1005 1765 1100 1833 enim
1124 1762 1229 1854 paulo
1254 1767 1331 1852 post
1354 1780 1410 1828 re-

293 1907 449 1977 pressam
475 1891 765 1975 coniurationem,
790 1910 872 1959 cum
895 1891 1094 1979 optimates,
1117 1888 1292 1978 imprimis
1312 1886 1409 1964 Catu,

294 2012 480 2102 „turpibus
513 2020 550 2082 et
571 2013 858 2103 impudentibns'’
883 2034 1006 2083 eorum
1030 2011 1325 2104 postulationibus
1348 2009 1411 2078 ad-

296 2143 522 2207 versarentur
535 2140 576 2228 4),
598 2141 820 2209 aeoneordia
835 2139 980 2209 abscissi
992 2145 1086 2207 sunt.
1100 2136 1298 2226 Pompeius,
1310 2131 1412 2204 euius

295 2281 508 2351 magnopere
531 2263 703 2333 intererat
722 2284 793 2333 non
806 2264 1024 2334 constabiliri
1035 2261 1302 2353 rempublicam,
1313 2260 1411 2329 Oioe·

295 2387 372 2454 roni
406 2388 523 2476 ipsum
560 2389 625 2458 hoe
656 2388 812 2458 studenti
847 2390 951 2458 irasci
978 2388 1093 2478 eoepit
1120 2393 1156 2455 et
1179 2406 1220 2455 eo
1246 2387 1321 2475 ipso
1345 2384 1412 2468 die,

296 2532 366 2600 quo
397 2510 519 2581 Oieero
553 2514 759 2602 magistratu
784 2533 821 2582 se
845 2513 1031 2598 abdicavit,
1054 2532 1118 2602 per
1143 2509 1323 2580 Metellum
1347 2508 1412 2576 tri-

296 2634 432 2704 bunum
458 2636 490 2704 ei
511 2636 720 2706 adversatus
742 2644 805 2706 est.
830 2636 930 2718 Quod
954 2638 998 2706 ad
1019 2637 1217 2716 Gaesarem,
1241 2633 1412 2724 suspicari

295 2757 378 2828 lieet
413 2799 452 2808 -
489 2780 572 2828 nam
607 2762 726 2829 omnia
759 2762 836 2830 eius
866 2760 960 2831 faeta
984 2781 1096 2852 nsque
1120 2761 1163 2829 ad
1187 2759 1411 2830 consulatum

299 2881 398 2951 valde
444 2882 594 2953 obseura
628 2892 713 2954 sunt
745 2925 790 2936 —
824 2907 906 2955 eum
940 2887 1083 2955 minime
1114 2885 1269 2955 alienum
1304 2882 1412 2951 fuisse

296 3007 341 3075 ab
364 3007 433 3076 illis
452 3009 586 3078 crebris
609 3011 963 3095 incriminationibus,
987 3011 1116 3100 quibus
1135 3010 1256 3079 Cicero
1270 3018 1414 3098 propter

297 3133 413 3200 resin
438 3132 623 3203 consulatu
647 3143 764 3225 gestas
781 3135 968 3226 petebatur
981 3136 1022 3224 ὕ).
1046 3174 1090 3185 -

338 3347 370 3427 1)
412 3346 631 3411 Mommsen
664 3349 715 3411 111⁶
747 3353 803 3411 177
834 3367 888 3430 sq.,
919 3350 1090 3430 Tyrrell
1121 3349 1144 3410 12
1175 3368 1203 3429 p.
1235 3351 1272 3409 17
1294 3366 1354 3427 sqq.
1378 3345 1413 3407 ef.

299 3461 484 3525 Cucheval
506 3464 518 3525 1
538 3484 566 3544 p.
588 3468 656 3528 757.
1273 3467 1276 3474 ’

339 3579 370 3656 7)
411 3579 477 3660 aly
505 3579 597 3642 Brieie
619 3581 753 3644 Ciceros⁴
774 3581 870 3644 Berlin
891 3585 970 3644 1894
991 3601 1018 3662 p.
1041 3585 1099 3646 73ε
1121 3581 1173 3643 uie
1194 3581 1280 3642 Wahl
1302 3579 1416 3640 Cinorus
1452 3627 1455 3634 .

298 3701 452 3774 entsprung
471 3695 565 3758 einem
588 3697 704 3768 [tarteil¹
725 3697 777 3760 das
796 3697 843 3759 die
864 3697 1220 3776 VertreterderOrdnung
1233 3695 1290 3758 und
1303 3695 1416 3758 Gesetz·

300 3809 468 3889 massigkeit
484 3829 572 3891 gegen
583 3811 631 3874 die
642 3813 829 3875 Wirblereien
839 3813 891 3874 der
902 3813 1164 3894 Umstnrnparteien
1175 3811 1416 3891 stittsehweigend

298 3925 517 4004 abgeschlosaen
539 3929 644 3991 hatten.

341 4043 371 4116 3)
413 4041 485 4104 Vide
507 4061 533 4105 e.
555 4064 582 4123 g.
603 4063 655 4125 pru
676 4045 756 4108 Sulla
780 4047 829 4118 78,
850 4062 903 4124 pro
923 4045 1026 4107 Viaeoo
1047 4049 1095 4108 ab.

340 4161 371 4233 1)
411 4157 446 4219 ad
467 4158 524 4220 tu.
547 4159 716 4233 117.8,u;
739 4164 822 4233 18.7;
845 4160 949 4224 1118.

341 4275 372 4345 5)
412 4272 483 4335 Vide
515 4293 567 4354 pro
589 4275 670 4337 Sulla
691 4295 714 4337 c.
737 4280 835 4338 7-16
857 4277 893 4357 (ὅ
913 4280 970 4339 17ε
993 4296 1079 4338 nemo
1100 4297 1145 4339 rue
1166 4277 1335 4341 tenuissima
1356 4296 1418 4340 sus

301 4387 418 4469 pioione
435 4391 612 4468 perstrinxit,
622 4410 709 4471 quero
720 4411 778 4454 non
789 4393 974 4474 perverterim
985 4412 1018 4454 ac
1028 4393 1225 4473 perfregerim)
1242 4395 1419 4455 Drurnann
