3792 5486
957 709 1024 778 156

426 905 540 989 desiit,
574 926 655 975 cum
692 905 898 994 praesertim
935 905 1026 992 ipse·
1045 905 1150 973 homo
1173 924 1287 973 novus
1310 903 1546 994 reipublicae

426 1036 653 1102 conservatae
694 1030 841 1118 gloriam
877 1029 1026 1119 adeptos
1060 1037 1170 1098 esset:
1207 1028 1267 1112 „In
1303 1033 1427 1097 senatu
1463 1048 1544 1096 cum

425 1155 643 1244 disputarem
679 1153 873 1242 permultos
907 1174 994 1237 esse,
1029 1155 1090 1242 qui
1125 1174 1200 1221 rem
1236 1153 1412 1242 publicam
1449 1173 1546 1221 ame

426 1285 667 1348 conservatam
693 1278 853 1347 dolerent
876 1276 985 1365 (adf.
1012 1277 1039 1344 ll
1062 1278 1166 1365 2.l)”.
1187 1277 1376 1368 Pompeius
1389 1276 1546 1361 „occulte

425 1403 558 1473 invidet
591 1403 650 1489 (ad
686 1402 758 1471 Att.
783 1401 946 1487 113.1)”.
973 1403 1126 1485 „Missus
1149 1409 1203 1471 est
1225 1403 1370 1491 sanguis
1393 1400 1545 1471 invidiae

426 1531 500 1598 sine
536 1529 655 1597 dolore
678 1529 738 1613 (ib.
762 1526 887 1613 1611).
913 1527 985 1616 Ego
1009 1538 1140 1608 autem,
1166 1536 1206 1597 ut
1230 1529 1338 1597 semel
1363 1527 1546 1597 Nonarum

424 1654 566 1722 illarum
609 1652 856 1722 Decembrium
900 1653 1057 1721 iunctam
1101 1653 1232 1721 invidia
1274 1674 1316 1722 ac
1353 1652 1544 1722 multorum

426 1777 618 1847 inimicitiis
643 1777 808 1846 eximiam
833 1778 1013 1864 quandam
1026 1784 1133 1867 atque
1147 1779 1384 1848 immortalem
1397 1778 1545 1867 gloriam

426 1909 637 1973 consecutus
671 1923 761 1982 sum,
785 1922 856 1970 uon
880 1901 997 1970 destiti
1020 1902 1144 1971 eadem
1168 1904 1278 1972 animi
1302 1903 1545 1993 magnitudine

425 2029 460 2096 in
485 2048 523 2096 re
547 2026 688 2117 publica
713 2027 910 2095 versari...
938 2025 1068 2095 Deinde
1090 2027 1159 2095 vidi
1173 2081 1180 2094 .
1196 2079 1225 2096 ..
1252 2026 1373 2096 beatos
1387 2027 1547 2096 homiues

425 2192 468 2202 -
505 2153 566 2221 hos
601 2152 807 2240 piscinarios
843 2152 931 2230 dico,
966 2152 1098 2221 amicos
1132 2157 1212 2220 tuos
1235 2191 1280 2202 -
1303 2171 1372 2220 non
1397 2150 1545 2220 obscure

424 2276 525 2347 nobis
550 2277 706 2345 invidere
731 2275 850 2366 (19.6).
882 2275 968 2344 Mihi
993 2297 1075 2346 vero
1099 2285 1139 2344 ut
1160 2276 1341 2345 invideant
1365 2275 1543 2365 piscinarii

426 2404 547 2485 nostri,
572 2409 634 2470 aut
647 2399 799 2469 scribam
811 2399 856 2468 ad
868 2407 904 2468 te
916 2399 1003 2468 alias
1017 2401 1126 2468 autin
1139 2421 1368 2489 congressum
1381 2405 1543 2468 nostrum

426 2525 613 2594 reservabo
648 2524 767 2614 (203).
803 2523 894 2604 Quin
928 2526 1046 2604 etiam,
1070 2525 1100 2593 si
1125 2525 1210 2592 mihi
1235 2545 1338 2594 nemo
1362 2525 1545 2609 invideret,

425 2651 454 2719 si
483 2669 615 2734 omnes
640 2654 680 2717 ut
702 2655 779 2717 erat
802 2669 967 2738 aequum,
992 2649 1161 2734 faverent,
1187 2656 1305 2719 tamen
1329 2670 1400 2718 nou
1427 2651 1544 2718 minus

425 2781 516 2843 esset
551 2773 731 2864 probanda
770 2774 954 2853 medicina,
978 2795 1070 2863 quae
1094 2782 1239 2844 sanaret
1264 2776 1404 2845 vitiosas
1429 2781 1546 2864 partes

424 2901 475 2968 rei
501 2898 670 2988 publicae,
695 2919 802 2987 quam
827 2919 918 2986 quae
942 2905 1123 2968 exsecaret
1150 2899 1209 2984 (ib.
1234 2899 1266 2969 ΙΙ
1288 2899 1392 2990 1.7)”.

469 3023 561 3092 Ante
596 3024 752 3107 exilium,
786 3044 868 3093 cum
905 3023 970 3091 sibi
1008 3023 1192 3093 videretur
1229 3031 1410 3108 „nostrum
1446 3024 1545 3094 illum

423 3148 645 3217 consularem
668 3148 861 3216 exercitum
888 3148 1061 3217 bonorum
1087 3150 1248 3218 omnium
1276 3149 1546 3218 haberetlrmis·

424 3273 553 3340 simum
578 3272 640 3361 (ad
664 3272 737 3340 Att.
762 3271 793 3339 ll
821 3272 895 3340 194
917 3293 948 3340 a.
965 3272 1104 3356 59l''‚si
1119 3273 1546 3344 manusdedissettrium-

425 3397 518 3481 viris
542 3417 586 3464 ne
607 3396 836 3485 optimatibus
859 3397 994 3465 invisus
1019 3397 1135 3476 lieret,
1149 3397 1546 3489 verebatur—opinans

422 3522 565 3602 scilicet,
589 3539 626 3588 se
650 3521 835 3589 consulatu
862 3522 950 3590 bene
975 3530 1073 3610 gesto
1097 3525 1204 3591 etiam
1229 3525 1264 3592 in
1289 3533 1471 3612 posterum
1484 3543 1543 3592 eos

423 3645 489 3713 sibi
511 3642 715 3714 conciliasse
738 3685 783 3695 —
807 3667 814 3714 :
841 3653 946 3728 „sunt
969 3648 1061 3714 enim
1075 3648 1125 3715 illi
1138 3648 1232 3737 apud
1246 3647 1356 3717 bonos
1368 3647 1539 3730 invidiosi,

422 3788 486 3856 ego
509 3769 602 3858 apud
624 3769 804 3857 improbos
830 3792 944 3839 meam
958 3771 1375 3856 retinuisseminvidiam‚
1388 3772 1540 3840 alienam

422 3894 691 3982 assumpsissem
715 3893 863 3983 (ibid.)’'.

467 4017 534 4086 Per
567 4019 661 4086 exilii
696 4027 815 4087 autem
851 4027 1013 4110 tempora
1036 4042 1117 4091 cum
1142 4023 1214 4090 iam
1241 4021 1485 4112 perspexisset,
1509 4040 1546 4088 se

422 4162 465 4210 ne
489 4143 710 4212 resistentem
735 4144 879 4232 quidem
904 4166 1027 4215 eorum
1051 4148 1203 4234 gratiam
1229 4146 1295 4214 sibi
1308 4147 1546 4234 acquisivisse,

423 4286 526 4355 saepe
550 4269 713 4355 queritur
734 4269 770 4336 in
796 4276 912 4338 tantas
936 4291 973 4339 se
997 4272 1216 4341 calamitates
1236 4272 1401 4340 incidisse
1415 4269 1546 4339 scelere

423 4411 492 4469 pou
517 4397 590 4459 tam
614 4393 839 4461 inimicorum
864 4415 970 4491 quam
984 4396 1202 4470 invidorum:
1227 4397 1328 4486 „Nou
1341 4397 1481 4482 faciam,
1505 4403 1544 4468 ut
