3792 5486
932 671 999 738 108

402 867 495 957 quod
521 867 635 956 ipsum
660 873 714 934 est
739 866 918 948 miserum,
954 865 1014 934 sed
1050 861 1156 934 etiam
1195 865 1290 933 ridet
1324 863 1384 950 (ad
1418 863 1441 932 f.
1472 864 1519 933 ·1v

403 992 489 1074 132,
513 991 557 1061 cl.
581 991 627 1059 IV
650 989 717 1072 32,
740 990 813 1073 453
839 989 884 1058 VI
907 987 973 1068 nl,
997 987 1077 1074 43).

445 1117 626 1196 Seneca,
660 1115 717 1184 cui
754 1116 824 1183 vita
846 1113 1059 1203 supplicium
1085 1121 1139 1182 est
1161 1115 1219 1199 lad
1245 1113 1317 1183 Pol.
1341 1113 1422 1198 ab),
1445 1122 1520 1183 tota

401 1239 526 1309 llebilis
549 1240 611 1328 (ib.
635 1261 664 1308 c.
689 1237 737 1326 4),
763 1239 850 1307 nihil
874 1237 970 1307 aliud
995 1255 1102 1328 quam
1128 1238 1173 1306 ad
1198 1245 1348 1306 mortem
1373 1239 1442 1306 iter
1457 1237 1520 1332 (ibt

400 1362 504 1450 lna),
528 1364 585 1431 cui
610 1383 816 1451 persuasum
841 1369 895 1430 est
918 1365 1095 1431 neminem
1116 1362 1190 1431 fata
1213 1364 1382 1446 convicio,
1407 1363 1519 1438 nemi·

400 1507 481 1555 nem
514 1486 600 1554 llelu
625 1507 766 1556 movere
791 1505 890 1575 posse
915 1485 975 1571 (ib.
999 1485 1080 1572 tl),
1103 1488 1244 1576 sapiens
1267 1487 1335 1568 ille,
1358 1487 1420 1576 qui
1444 1507 1520 1556 om-

401 1611 505 1680 nibus
537 1611 812 1680 clarissimorum
848 1613 1070 1699 ingeniorum
1098 1613 1337 1679 monumentis
1359 1631 1451 1701 quae
1475 1611 1517 1678 ad

400 1735 673 1825 compescendos
706 1736 1009 1823 moderandosque
1041 1734 1160 1804 luctus
1193 1737 1388 1825 composita
1426 1742 1519 1820 sunt,

400 1860 551 1928 evolutis
581 1863 639 1945 (ad
670 1861 712 1928 H.
745 1881 790 1928 m.
822 1859 891 1944 w)
923 1859 1119 1949 profitetur,
1151 1859 1293 1928 exilium
1326 1860 1413 1928 nibil
1443 1879 1518 1928 esse

398 1986 466 2053 nisi
490 1985 556 2055 loci
580 1985 892 2054 commutationem
917 1984 978 2069 (ib.
1001 1984 1085 2072 bl),
1100 2005 1173 2053 rem
1187 1986 1322 2052 minimi
1338 1985 1517 2067 momenti,

399 2111 442 2177 de
478 2108 654 2179 domicilio
686 2109 870 2199 temporali
902 2110 1025 2197 iniqua
1060 2111 1179 2177 omnia
1209 2116 1342 2178 narrat.
1377 2108 1518 2178 Corsica

400 2253 512 2323 aeque
536 2234 675 2302 deserta
697 2239 732 2300 et
743 2254 868 2322 aspera
880 2241 934 2302 est
945 2255 986 2302 ac
1000 2233 1172 2317 Sciathus,
1186 2233 1365 2322 Seriphos,
1379 2233 1518 2322 Gyaros

399 2359 459 2445 (ad
484 2359 596 2426 H.‘m.
620 2356 701 2443 od).
726 2357 839 2441 „Quid
864 2369 937 2426 tam
962 2357 1098 2426 nudum
1123 2359 1273 2426 inveniri
1294 2364 1419 2446 potest,
1432 2357 1517 2447 quid

397 2489 471 2550 tarn
500 2482 692 2571 abruptum
726 2482 882 2572 undique
914 2503 1021 2571 quam
1058 2483 1124 2550 boc
1160 2484 1309 2550 saxuml
1344 2482 1436 2563 Quid
1473 2482 1517 2551 ad

400 2607 519 2696 copias
552 2607 750 2695 respicienti
784 2607 960 2675 ieiunius?
995 2606 1085 2686 Quid
1112 2607 1155 2675 ad
1182 2608 1341 2676 homines
1364 2607 1517 2675 imman-

398 2731 556 2799 suetiusl
579 2730 669 2811 Quid
695 2731 738 2798 ad
763 2732 878 2820 ipsum
903 2731 969 2800 loci
993 2733 1099 2800 situm
1127 2732 1327 2802 horridius?
1351 2731 1442 2812 Quid
1471 2733 1515 2801 ad

399 2855 485 2924 caeli
521 2860 685 2923 naturam
719 2856 1058 2945 intemperantiusl”
1084 2856 1145 2944 (ib.
1170 2856 1241 2945 6.5)
1267 2856 1364 2924 Mare
1384 2858 1516 2946 impor-

396 2987 550 3064 tuosum,
586 2979 722 3049 caelum
758 3000 865 3068 grave
899 2986 962 3063 est,
986 2980 1121 3050 incolae
1149 2980 1214 3048 leri
1241 2993 1324 3049 sunt
1347 2980 1408 3068 (ib.
1434 2981 1517 3070 7.8),

398 3103 528 3188 „Terra
552 3124 621 3173 non
646 3103 898 3194 frugiferarum
923 3111 985 3172 aut
1008 3104 1181 3174 laetarum
1204 3105 1371 3174 arborum
1403 3106 1512 3174 ferax.

398 3229 475 3297 Non
514 3230 650 3319 magnis
685 3249 749 3298 nec
779 3229 1036 3318 navigabilibus
1070 3230 1178 3298 alveis
1209 3231 1388 3320 irrigatur.
1421 3229 1516 3299 Nibil

396 3354 517 3441 gignit,
552 3353 646 3443 quod
681 3354 770 3422 aliae
793 3363 915 3442 gentes
940 3361 1071 3443 petunt,
1099 3355 1154 3422 vix
1177 3355 1220 3422 ad
1246 3355 1394 3422 tutelam
1419 3356 1515 3424 inco·

397 3476 543 3545 lentium
568 3478 714 3546 fertilis'’
738 3478 797 3563 (ib.
823 3477 901 3563 9.l).
928 3517 970 3528 —
991 3478 1059 3558 Qui
1072 3487 1144 3548 tam
1160 3479 1515 3570 multaimprobanda

398 3602 547 3670 videtin
571 3622 612 3669 eo
636 3601 722 3680 loco,
746 3621 853 3690 quem
875 3603 1019 3686 habitat,
1042 3605 1301 3692 exspectaveris
1315 3624 1396 3672 eum
1415 3602 1514 3673 valde

397 3724 540 3794 laudare
563 3746 668 3815 quem
696 3726 847 3815 reliquit,
871 3727 977 3818 idque
1001 3727 1170 3798 Senecam
1197 3729 1425 3798 libentissime
1441 3727 1515 3796 luc·

396 3857 516 3919 turum
552 3850 659 3918 luisse
693 3849 858 3933 arbitror,
894 3853 960 3920 nisi
991 3853 1026 3920 in
1060 3853 1225 3921 omnibus
1260 3854 1350 3920 vitae
1374 3851 1514 3920 casibus

397 3974 642 4064 philosophum
676 3994 713 4042 se
743 3985 921 4062 praestare
947 3977 1123 4045 voluisset.
1148 3976 1359 4065 Philosopbo
1384 3982 1516 4060 autem,

395 4119 501 4189 quem
526 4119 582 4167 res
604 4109 770 4168 externas
793 4121 918 4169 curare
947 4099 1253 4184 minimedecerel‚
1267 4121 1336 4168 non
1350 4107 1438 4178 erat,
1452 4121 1516 4169 our

397 4244 480 4312 prae
504 4224 661 4312 qualibet
683 4224 752 4292 alia
773 4226 914 4312 regione
930 4225 1076 4293 Romam
1091 4225 1366 4295 commendaret.
1391 4225 1515 4314 Itaque

396 4347 530 4417 Seneca
553 4347 737 4437 diligenter
762 4349 864 4418 Urbis
887 4349 1175 4436 laudeseriturit‚
1189 4357 1385 4420 nectamen
1401 4353 1515 4440 potuit
