3778 5488
867 705 931 774 191

338 903 561 993 impendisse,
587 903 643 973 hic
666 908 786 971 tamen
812 902 974 988 Varroni,
994 909 1321 994 contraatquetarn
1336 900 1457 970 multis

336 1029 423 1112 aliis,
466 1029 595 1118 quibus
638 1029 755 1097 minus
788 1028 950 1109 debebat,
985 1029 1124 1120 publice
1159 1029 1301 1119 quidem
1333 1027 1456 1096 laudes

338 1154 454 1223 nullas
476 1154 612 1223 tribuit.
637 1153 759 1243 Neque
784 1154 819 1222 in
843 1155 1004 1245 epistulis
1028 1155 1192 1244 privatim
1216 1163 1313 1222 actas
1324 1152 1458 1241 gratias

337 1277 570 1366 deprehendi;
594 1285 674 1367 post
697 1278 757 1366 (ad
784 1280 856 1348 Att.
877 1279 922 1347 lV
942 1279 1013 1369 25)
1034 1289 1074 1348 ut
1093 1287 1175 1349 aute
1195 1279 1338 1348 exilium
1352 1278 1411 1363 (ib.
1425 1276 1457 1344 ll

337 1403 430 1490 ί221)
454 1403 661 1491 simpliciter
684 1404 847 1486 „noster”
872 1404 1081 1494 appellatur.

383 1527 420 1596 P.
456 1527 680 1611 Valerius,
717 1526 844 1611 „homo
879 1528 1076 1598 officiosus’'
1111 1533 1186 1618 (my
1217 1528 1299 1596 kind
1332 1527 1457 1609 friend,

339 1649 534 1740 Tyrrell)
570 1652 742 1739 „scripsit
777 1652 810 1719 id
848 1653 941 1742 quod
978 1673 1042 1743 ego
1080 1654 1231 1722 maximo
1266 1673 1347 1722 cum
1373 1652 1456 1720 fletu

338 1776 417 1867 legi,
453 1796 558 1864 quem
592 1775 636 1844 ad
664 1776 806 1845 modum
832 1798 854 1845 a
878 1777 1003 1847 Vestae
1027 1779 1071 1847 ad
1096 1777 1256 1846 tabulam
1282 1777 1455 1846 Valeriam

339 1902 446 1970 ducta
468 1920 563 1969 esses
586 1900 646 1986 (ad
671 1901 694 1970 f.
720 1901 798 1970 XIV
821 1900 924 1986 2.2).’'
1281 1977 1286 1989 .

384 2026 430 2095 Μ.
457 2025 666 2095 Valerius
692 2025 908 2095 Messalla
932 2027 1069 2117 Niger
1092 2028 1214 2096 consul
1234 2048 1266 2097 a.
1285 2025 1324 2094 61
1349 2026 1456 2109 „etin

342 2173 396 2220 me
418 2151 697 2242 perhonorificus
714 2158 749 2219 et
762 2152 916 2240 partium
929 2151 1108 2220 studiosus
1120 2170 1161 2219 ac
1174 2150 1337 2220 defensor
1351 2149 1459 2218 bona-

340 2297 419 2345 rum
433 2326 440 2342 .
453 2328 478 2344 ..
506 2265 733 2344 vehementer
745 2274 862 2344 adhuc
874 2276 947 2364 agit
958 2296 1078 2344 severe
1091 2274 1147 2361 (ad
1163 2276 1235 2343 Au.
1250 2273 1352 2343 1132
1364 2282 1400 2344 et
1410 2274 1459 2362 3).

341 2401 503 2469 Messalla
537 2400 659 2470 consul
694 2401 729 2468 in
759 2408 883 2469 senatu
908 2400 951 2468 de
976 2399 1141 2489 Pompeio
1165 2400 1348 2488 quaesivit,
1373 2399 1457 2487 quid

340 2524 384 2592 de
408 2523 607 2612 (Clodiana)
635 2525 799 2614 religione
813 2577 820 2592 .
835 2574 842 2590 .
860 2576 889 2594 ..
914 2526 1060 2593 sentiret
1083 2525 1143 2610 (ib.
1168 2524 1271 2611 tta).
1297 2524 1460 2592 Messalla

340 2648 462 2718 consul
501 2655 555 2717 est
589 2651 760 2738 egregios,
796 2649 906 2732 fortis,
942 2659 1118 2728 constans
1153 2649 1312 2738 diligens,
1348 2648 1458 2716 nostri

342 2774 513 2857 laudator,
537 2780 685 2858 amator,
708 2774 865 2842 imitatur
881 2775 941 2861 (ib.
956 2774 973 2863 §
988 2774 1059 2863 6).”
1072 2772 1194 2853 Quinti
1206 2773 1326 2841 fratris
1338 2771 1459 2842 Cicero

339 2898 420 2965 exul
446 2897 645 2966 Messallam
667 2899 863 2967 studiosum
884 2919 959 2967 esse
972 2899 1166 2968 arbitratur
1179 2899 1238 2986 (ad
1253 2896 1348 2977 Qu.
1361 2897 1375 2965 l
1388 2899 1459 2984 311)

339 3028 376 3089 61
408 3023 566 3110 proximo
590 3043 684 3090 anno
708 3023 864 3112 pontifex
888 3022 1047 3093 Ciceroni
1071 3024 1171 3091 adest
1193 3025 1228 3091 in
1254 3023 1459 3111 quaestione

340 3146 512 3215 dedomo
537 3145 596 3234 (de
621 3147 694 3215 har.
721 3167 809 3235 resp.
836 3146 904 3236 12).

385 3269 553 3338 Videmus
587 3271 694 3359 igitur
728 3272 821 3340 inter
851 3272 1042 3341 familiares
1067 3272 1203 3340 nullum
1228 3271 1347 3353 fuisse,
1372 3271 1457 3360 quiu

341 3393 519 3463 Ciceronis
569 3397 812 3465 accusationes
859 3396 1065 3487 proditionis
1109 3403 1145 3465 et
1190 3394 1342 3464 invidiae
1388 3395 1460 3463 ulla

341 3519 476 3586 ratione
493 3519 731 3609 redargueret.
755 3519 801 3587 De
815 3540 885 3587 uno
898 3518 938 3599 Q.
952 3520 1053 3588 Arri
1063 3541 1094 3604 0,
1107 3540 1212 3608 quem
1226 3520 1460 3589 simulationis

341 3654 377 3720 et
398 3643 605 3712 insidiarum
631 3643 712 3712 exul
737 3645 854 3733 arguit
874 3645 933 3732 (ad
956 3643 995 3724 Q.
1009 3645 1052 3714 fr.
1066 3644 1079 3712 l
1092 3643 1172 3730 3.8).
1186 3645 1272 3713 nihil
1286 3645 1354 3713 tale
1367 3645 1459 3713 acci-

342 3769 469 3856 pimus,
493 3769 577 3857 quia
598 3788 793 3857 numquam
815 3769 967 3857 amplius
987 3769 1108 3838 Cicero
1129 3770 1171 3837 de
1183 3789 1225 3837 eo
1237 3768 1403 3858 loquitur.
1416 3808 1461 3819 —

385 3891 462 3960 Non
501 3893 618 3960 minus
652 3913 759 3981 quam
795 3891 917 3962 Cicero
951 3893 1145 3962 Ovidius
1179 3895 1341 3983 queritur
1376 3912 1457 3960 cum

340 4017 454 4105 gratia
477 4017 609 4086 amicos
632 4017 780 4106 fugisse:

501 4185 655 4264 Adloquor
675 4191 844 4246 extremum
867 4193 994 4247 maestos
1015 4187 1151 4248 abiturus
1171 4188 1290 4264 amieos,

541 4301 598 4370 Qui
621 4301 708 4361 modo
729 4301 765 4361 de
787 4303 888 4362 multis
909 4322 986 4363 unus
1007 4309 1037 4362 et
1057 4303 1134 4362 alter
1154 4308 1227 4363 erat.

1144 4420 1206 4498 (Tr.
1229 4421 1252 4478 1.
1275 4422 1343 4478 3.16
1364 4422 1421 4498 sq.)
