3792 5486
919 684 985 753 173

384 879 544 950 voluutas
567 884 645 967 erit,
669 884 729 952 sed
751 884 918 954 Crassum
932 889 1051 952 tamen
1067 888 1185 952 metuo
1198 883 1259 972 (ad
1272 883 1296 952 1.
1309 883 1390 953 XIV
1402 884 1507 972 2.2).”

382 1002 494 1074 Probe
519 1027 601 1077 vero
625 1009 738 1078 sciens
757 1007 935 1091 Crassum,
949 1008 978 1076 si
991 1029 1072 1077 cum
1085 1007 1205 1097 aliquo
1220 1029 1295 1077 rem
1312 1009 1509 1097 transigere

383 1139 509 1219 posset,
544 1153 614 1202 non
650 1153 776 1202 curare
811 1154 964 1223 quarum
999 1133 1035 1201 in
1068 1152 1106 1200 re
1134 1132 1273 1222 publica
1298 1133 1452 1223 partium
1478 1134 1508 1201 is

382 1261 474 1325 esset
507 1256 566 1341 (ci.
605 1257 844 1327 Mommsen
869 1257 917 1325 111
941 1256 1012 1344 15),
1036 1256 1157 1327 Cicero
1185 1256 1353 1326 censebat
1376 1256 1508 1337 Quinto

381 1377 495 1466 fratri,
530 1382 560 1450 si
597 1383 765 1471 pecuniae
789 1383 907 1470 inopia
930 1388 1083 1471 urgeret,
1109 1382 1274 1450 Crassum
1301 1381 1505 1450 adeundum

381 1521 457 1570 esse
492 1504 552 1593 (ad
587 1504 627 1585 Q.
662 1506 703 1574 fr.
740 1506 755 1574 Ι
789 1505 868 1591 3.7).
902 1505 1001 1586 Quod
1038 1506 1074 1573 in
1110 1505 1270 1574 Sestiana
1303 1504 1364 1590 (39
1387 1511 1422 1572 et
1446 1504 1506 1593 41)

381 1628 547 1699 Crassum
591 1631 706 1698 virum
742 1630 974 1700 fortissimum
1009 1628 1210 1719 appellavit,
1246 1650 1400 1718 quocum
1441 1630 1508 1698 sibi

379 1773 503 1822 omnes
536 1763 654 1823 essent
688 1756 864 1825 amicitiae
900 1754 1188 1839 necessitudines,
1221 1756 1354 1845 quique
1378 1776 1399 1823 a
1423 1777 1507 1825 con·

381 1878 517 1947 sulibus
551 1899 652 1948 suam
688 1899 832 1949 causam
864 1881 1127 1968 suscipiendam
1153 1899 1229 1948 esse
1253 1880 1394 1964 diceret,
1420 1879 1506 1948 nibil

382 2003 543 2092 probant,
568 2024 649 2073 cum
675 2005 882 2092 praesertim
906 2005 981 2094 ipse
1006 2005 1041 2073 in
1069 2004 1221 2094 epistula
1245 2004 1289 2072 ad
1316 2003 1506 2074 Lentulum

381 2127 440 2214 (ad
465 2128 489 2194 f.
513 2127 528 2195 l
551 2127 643 2213 920)
666 2136 788 2198 narret
812 2149 848 2197 se
870 2150 900 2197 a.
926 2129 971 2198 55
994 2129 1136 2198 demum
1156 2129 1340 2198 cumcuin
1355 2130 1505 2218 gratiam

381 2250 537 2321 rediisse.
564 2292 603 2302 -

426 2376 585 2446 Primum
621 2384 699 2468 post
735 2379 879 2468 „reges”
917 2379 1034 2447 locum
1072 2379 1164 2447 inter
1200 2398 1269 2460 eoS,
1294 2378 1505 2468 quibuscum

380 2499 502 2571 Cicero
525 2503 561 2571 in
585 2503 739 2593 gerenda
763 2523 800 2572 re
822 2503 962 2592 publica
976 2503 1263 2572 coniunctionem
1280 2501 1413 2582 habuit,
1427 2523 1506 2592 pro·

380 2624 437 2694 cul
472 2626 580 2697 dubio
617 2628 661 2697 Μ.
698 2629 862 2698 Porcio
899 2627 1061 2697 Catoni
1096 2629 1243 2696 attribui
1269 2634 1417 2717 oportet,
1440 2627 1506 2696 etsi

380 2748 547 2819 Cicerone
570 2751 673 2821 exule
695 2753 770 2842 ipse
794 2772 934 2843 quoque
958 2773 979 2821 a
1003 2751 1113 2821 Roma
1136 2753 1263 2821 absens
1288 2752 1388 2821 nullo
1402 2753 1506 2822 modo

380 2875 413 2944 ei
436 2876 602 2963 prodesse
626 2878 750 2966 potuit.

424 3000 545 3070 Cicero
569 3003 749 3084 Catonem,
770 3002 1003 3072 theoreticum
1018 3000 1129 3085 illum,
1144 3001 1204 3091 qui
1219 3001 1261 3069 iis
1273 3000 1505 3090 temporibus,

380 3144 471 3213 quae
506 3145 614 3214 quam
639 3126 791 3195 maxime
816 3125 975 3194 homines
1003 3127 1239 3215 pragmaticos
1265 3124 1504 3215 requirebant,

379 3255 512 3319 temere
536 3252 748 3320 sententiam
773 3271 874 3320 suam
898 3257 1080 3338 tamquam
1106 3252 1140 3318 iu
1169 3251 1322 3319 Platonis
1340 3248 1502 3331 πολιτείᾳ,

380 3393 449 3442 non
486 3380 669 3464 tamquam
693 3377 729 3444 in
751 3375 892 3445 Romuli
915 3375 1024 3460 faece,
1050 3376 1167 3444 dicere
1191 3375 1325 3444 solebat
1348 3377 1406 3462 (ad
1431 3378 1503 3447 Att.

380 3499 411 3567 ΙΙ
442 3498 512 3587 18)
539 3539 578 3548 -
604 3501 765 3589 quirem
795 3500 971 3590 publicam
998 3501 1195 3570 constantia
1221 3503 1331 3590 magis
1354 3509 1390 3570 et
1411 3502 1504 3570 inte·

379 3624 506 3712 gritate
543 3645 649 3714 quam
686 3626 830 3694 consilio
854 3631 917 3692 aut
940 3625 1080 3714 ingenio
1105 3626 1253 3694 curabat
1277 3625 1338 3713 (ib.
1363 3624 1503 3712 Ι18.7),

379 3749 523 3839 plurimi
546 3769 687 3839 semper
709 3749 919 3819 aestimabat
942 3757 1048 3837 atque
1070 3751 1146 3817 eius
1159 3749 1329 3819 iudicium
1343 3749 1502 3818 omnium

381 3875 532 3942 maxime
563 3875 792 3943 reverebatur
823 3873 976 3962 (1151).
1012 3874 1079 3943 Sed
1104 3874 1201 3958 Cato,
1225 3875 1286 3962 qui
1309 3875 1339 3941 si
1362 3875 1504 3942 comitia

378 4000 533 4088 gratuita
556 3999 716 4079 fuissent,
743 3999 821 4089 plus
845 4019 938 4067 unus
964 4001 1133 4088 potuisset
1151 4019 1258 4088 quam
1272 4019 1394 4066 omnes
1408 3998 1503 4087 leges

380 4145 571 4215 omnesque
605 4125 740 4193 iudices
774 4123 832 4209 (ad
869 4121 909 4202 Q.
945 4122 988 4190 fr.
1026 4122 1055 4190 ll
1084 4120 1264 4212 1-1[151)],
1289 4121 1333 4189 ad
1359 4122 1502 4192 Attlv

379 4249 482 4338 lue),
516 4250 552 4317 in
588 4250 686 4329 urbe,
719 4247 778 4318 ubi
802 4249 834 4315 vi
857 4252 964 4337 atque
989 4248 1097 4314 armis
1122 4252 1184 4314 aut
1208 4247 1358 4335 pecunia
1382 4246 1502 4315 omnia

379 4373 673 4459 decernebantur,
709 4373 795 4442 nihil
827 4379 975 4462 poterat,
1000 4373 1066 4441 nisi
1092 4378 1235 4461 propter
1259 4372 1409 4440 nimium
1433 4371 1502 4438 vir·
