<?xml version="1.0" encoding="UTF-8"?>
<!DOCTYPE html PUBLIC "-//W3C//DTD XHTML 1.0 Transitional//EN"
    "http://www.w3.org/TR/xhtml1/DTD/xhtml1-transitional.dtd">
<html xmlns="http://www.w3.org/1999/xhtml" xml:lang="en" lang="en">
 <head>
  <title>
</title>
<meta http-equiv="Content-Type" content="text/html;charset=utf-8" />
  <meta name='ocr-system' content='tesseract 3.04.00' />
  <meta name='ocr-capabilities' content='ocr_page ocr_carea ocr_par ocr_line ocrx_word'/>
</head>
<body>
  <div class='ocr_page' id='page_1' title='image "./exulumtriassive00leopgoog_0253.png"; bbox 0 0 3778 5488; ppageno 0'>
   <div class='ocr_carea' id='block_1_1' title="bbox 957 743 1025 814">
    <p class='ocr_par' dir='ltr' id='par_1_1' title="bbox 957 743 1025 814">
     <span class='ocr_line' id='line_1_1' title="bbox 957 743 1025 814; baseline 0 0"><span class='ocrx_word' id='word_1_1' title='bbox 957 743 1025 814; x_wconf 78' lang='lat'><strong>240</strong></span> 
     </span>
    </p>
   </div>
   <div class='ocr_carea' id='block_1_2' title="bbox 427 943 1549 4156">
    <p class='ocr_par' dir='ltr' id='par_1_2' title="bbox 427 943 1549 2782">
     <span class='ocr_line' id='line_1_2' title="bbox 430 943 1548 1026; baseline -0.004 -12"><span class='ocrx_word' id='word_1_2' title='bbox 430 966 484 1014; x_wconf 91' lang='lat' dir='ltr'><strong>me</strong></span> <span class='ocrx_word' id='word_1_3' title='bbox 507 945 614 1014; x_wconf 88' lang='lat' dir='ltr'><strong>etiam</strong></span> <span class='ocrx_word' id='word_1_4' title='bbox 641 946 767 1014; x_wconf 87' lang='lat' dir='ltr'><strong>mentis</strong></span> <span class='ocrx_word' id='word_1_5' title='bbox 790 967 909 1016; x_wconf 90' lang='lat' dir='ltr'><strong>errore</strong></span> <span class='ocrx_word' id='word_1_6' title='bbox 933 968 975 1016; x_wconf 89' lang='lat' dir='ltr'><strong>ex</strong></span> <span class='ocrx_word' id='word_1_7' title='bbox 1000 946 1119 1016; x_wconf 90' lang='lat' dir='ltr'><strong>dolore</strong></span> <span class='ocrx_word' id='word_1_8' title='bbox 1136 945 1239 1026; x_wconf 84' lang='lat' dir='ltr'><strong>affici,</strong></span> <span class='ocrx_word' id='word_1_9' title='bbox 1254 943 1338 1012; x_wconf 88' lang='lat' dir='ltr'><strong>mihi</strong></span> <span class='ocrx_word' id='word_1_10' title='bbox 1353 963 1434 1011; x_wconf 92' lang='lat' dir='ltr'><strong>vero</strong></span> <span class='ocrx_word' id='word_1_11' title='bbox 1448 961 1548 1010; x_wconf 87' lang='lat' dir='ltr'><strong>mens</strong></span> 
     </span>
     <span class='ocr_line' id='line_1_3' title="bbox 427 1067 1545 1161; baseline -0.005 -22"><span class='ocrx_word' id='word_1_12' title='bbox 427 1072 564 1160; x_wconf 78' lang='lat' dir='ltr'><strong>integra</strong></span> <span class='ocrx_word' id='word_1_13' title='bbox 587 1077 641 1140; x_wconf 88' lang='lat' dir='ltr'><strong>cst</strong></span> <span class='ocrx_word' id='word_1_14' title='bbox 663 1072 723 1161; x_wconf 87' lang='lat' dir='ltr'><strong>(ad</strong></span> <span class='ocrx_word' id='word_1_15' title='bbox 748 1071 821 1140; x_wconf 86' lang='lat' dir='ltr'><strong>Au.</strong></span> <span class='ocrx_word' id='word_1_16' title='bbox 845 1071 893 1141; x_wconf 88' lang='grc' dir='ltr'><strong>ΙΙΙ</strong></span> <span class='ocrx_word' id='word_1_17' title='bbox 917 1071 1019 1158; x_wconf 69' lang='lat'><strong>132).</strong></span> <span class='ocrx_word' id='word_1_18' title='bbox 1044 1071 1179 1141; x_wconf 86' lang='lat' dir='ltr'><strong>Inimici</strong></span> <span class='ocrx_word' id='word_1_19' title='bbox 1194 1069 1262 1138; x_wconf 94' lang='lat' dir='ltr'><strong>mei</strong></span> <span class='ocrx_word' id='word_1_20' title='bbox 1276 1089 1354 1136; x_wconf 89' lang='lat' dir='ltr'><strong>mea</strong></span> <span class='ocrx_word' id='word_1_21' title='bbox 1369 1067 1464 1151; x_wconf 87' lang='lat' dir='ltr'><strong>mibi,</strong></span> <span class='ocrx_word' id='word_1_22' title='bbox 1475 1086 1545 1134; x_wconf 90' lang='lat' dir='ltr'><strong>non</strong></span> 
     </span>
     <span class='ocr_line' id='line_1_4' title="bbox 430 1195 1548 1287; baseline -0.005 -24"><span class='ocrx_word' id='word_1_23' title='bbox 430 1217 484 1263; x_wconf 93' lang='lat' dir='ltr'><strong>me</strong></span> <span class='ocrx_word' id='word_1_24' title='bbox 520 1197 635 1287; x_wconf 91' lang='lat' dir='ltr'><strong>ipsum</strong></span> <span class='ocrx_word' id='word_1_25' title='bbox 676 1197 888 1265; x_wconf 87' lang='lat' dir='ltr'><strong>ademerunt</strong></span> <span class='ocrx_word' id='word_1_26' title='bbox 911 1197 972 1284; x_wconf 87' lang='lat' dir='ltr'><strong>(ib.</strong></span> <span class='ocrx_word' id='word_1_27' title='bbox 996 1197 1043 1283; x_wconf 89' lang='lat'><strong>5).</strong></span> <span class='ocrx_word' id='word_1_28' title='bbox 1067 1195 1219 1276; x_wconf 81' lang='lat' dir='ltr'><strong>Quintus</strong></span> <span class='ocrx_word' id='word_1_29' title='bbox 1243 1195 1353 1262; x_wconf 84' lang='lat' dir='ltr'><strong>irater</strong></span> <span class='ocrx_word' id='word_1_30' title='bbox 1377 1197 1548 1274; x_wconf 87' lang='lat' dir='ltr'><strong>metuens,</strong></span> 
     </span>
     <span class='ocr_line' id='line_1_5' title="bbox 428 1314 1547 1406; baseline -0.006 -17"><span class='ocrx_word' id='word_1_31' title='bbox 428 1321 543 1404; x_wconf 74' lang='lat' dir='ltr'><strong>oredq</strong></span> <span class='ocrx_word' id='word_1_32' title='bbox 579 1321 810 1390; x_wconf 85' lang='lat' dir='ltr'><strong>delectionem</strong></span> <span class='ocrx_word' id='word_1_33' title='bbox 846 1322 955 1390; x_wconf 87' lang='lat' dir='ltr'><strong>animi</strong></span> <span class='ocrx_word' id='word_1_34' title='bbox 980 1323 1105 1390; x_wconf 89' lang='lat' dir='ltr'><strong>mei...</strong></span> <span class='ocrx_word' id='word_1_35' title='bbox 1129 1317 1250 1406; x_wconf 71' lang='lat'>(182).</span> <span class='ocrx_word' id='word_1_36' title='bbox 1273 1316 1395 1389; x_wconf 87' lang='lat' dir='ltr'><strong>Scribo</strong></span> <span class='ocrx_word' id='word_1_37' title='bbox 1421 1335 1476 1383; x_wconf 90' lang='lat' dir='ltr'><strong>me</strong></span> <span class='ocrx_word' id='word_1_38' title='bbox 1499 1314 1547 1382; x_wconf 88' lang='lat' dir='ltr'><strong>itu</strong></span> 
     </span>
     <span class='ocr_line' id='line_1_6' title="bbox 428 1441 1546 1530; baseline -0.005 -17"><span class='ocrx_word' id='word_1_39' title='bbox 428 1446 557 1528; x_wconf 86' lang='lat' dir='ltr'><strong>dolere,</strong></span> <span class='ocrx_word' id='word_1_40' title='bbox 582 1453 714 1514; x_wconf 91' lang='lat' dir='ltr'><strong>utnon</strong></span> <span class='ocrx_word' id='word_1_41' title='bbox 742 1444 843 1514; x_wconf 88' lang='lat' dir='ltr'><strong>modo</strong></span> <span class='ocrx_word' id='word_1_42' title='bbox 867 1467 888 1514; x_wconf 85' lang='lat' dir='ltr'><strong>a</strong></span> <span class='ocrx_word' id='word_1_43' title='bbox 913 1452 1029 1514; x_wconf 87' lang='lat' dir='ltr'><strong>mente</strong></span> <span class='ocrx_word' id='word_1_44' title='bbox 1053 1465 1124 1514; x_wconf 90' lang='lat' dir='ltr'><strong>non</strong></span> <span class='ocrx_word' id='word_1_45' title='bbox 1142 1444 1296 1527; x_wconf 87' lang='lat' dir='ltr'><strong>deserar,</strong></span> <span class='ocrx_word' id='word_1_46' title='bbox 1309 1442 1368 1509; x_wconf 88' lang='lat' dir='ltr'><strong>sed</strong></span> <span class='ocrx_word' id='word_1_47' title='bbox 1383 1441 1416 1510; x_wconf 92' lang='lat' dir='ltr'><strong>id</strong></span> <span class='ocrx_word' id='word_1_48' title='bbox 1429 1441 1546 1530; x_wconf 89' lang='lat' dir='ltr'><strong>ipsum</strong></span> 
     </span>
     <span class='ocr_line' id='line_1_7' title="bbox 428 1564 1547 1655; baseline -0.005 -18"><span class='ocrx_word' id='word_1_49' title='bbox 428 1569 577 1654; x_wconf 86' lang='lat' dir='ltr'><strong>doleam,</strong></span> <span class='ocrx_word' id='word_1_50' title='bbox 614 1591 668 1638; x_wconf 89' lang='lat' dir='ltr'><strong>me</strong></span> <span class='ocrx_word' id='word_1_51' title='bbox 704 1578 776 1638; x_wconf 88' lang='lat' dir='ltr'><strong>tam</strong></span> <span class='ocrx_word' id='word_1_52' title='bbox 813 1571 916 1639; x_wconf 89' lang='lat' dir='ltr'><strong>lirma</strong></span> <span class='ocrx_word' id='word_1_53' title='bbox 946 1575 1064 1639; x_wconf 89' lang='lat' dir='ltr'><strong>mente</strong></span> <span class='ocrx_word' id='word_1_54' title='bbox 1088 1570 1148 1638; x_wconf 90' lang='lat' dir='ltr'><strong>ubi</strong></span> <span class='ocrx_word' id='word_1_55' title='bbox 1173 1575 1255 1636; x_wconf 88' lang='lat' dir='ltr'><strong>utar</strong></span> <span class='ocrx_word' id='word_1_56' title='bbox 1277 1573 1312 1635; x_wconf 87' lang='lat' dir='ltr'><strong>ct</strong></span> <span class='ocrx_word' id='word_1_57' title='bbox 1335 1564 1547 1655; x_wconf 81' lang='lat' dir='ltr'><strong>quibuscum</strong></span> 
     </span>
     <span class='ocr_line' id='line_1_8' title="bbox 428 1689 1546 1783; baseline -0.006 -21"><span class='ocrx_word' id='word_1_58' title='bbox 428 1716 497 1763; x_wconf 92' lang='lat' dir='ltr'><strong>non</strong></span> <span class='ocrx_word' id='word_1_59' title='bbox 524 1695 652 1763; x_wconf 88' lang='lat' dir='ltr'><strong>habere</strong></span> <span class='ocrx_word' id='word_1_60' title='bbox 665 1694 806 1782; x_wconf 79' lang='lat' dir='ltr'><strong>(l5.2).&#39;&#39;</strong></span> <span class='ocrx_word' id='word_1_61' title='bbox 820 1695 961 1764; x_wconf 91' lang='lat' dir='ltr'><strong>Decimo</strong></span> <span class='ocrx_word' id='word_1_62' title='bbox 973 1716 1068 1764; x_wconf 92' lang='lat' dir='ltr'><strong>anno</strong></span> <span class='ocrx_word' id='word_1_63' title='bbox 1082 1700 1170 1783; x_wconf 79' lang='lat' dir='ltr'><strong>post,</strong></span> <span class='ocrx_word' id='word_1_64' title='bbox 1184 1700 1282 1761; x_wconf 86' lang='lat' dir='ltr'><strong>sexto</strong></span> <span class='ocrx_word' id='word_1_65' title='bbox 1297 1697 1374 1781; x_wconf 90' lang='lat' dir='ltr'><strong>post</strong></span> <span class='ocrx_word' id='word_1_66' title='bbox 1386 1689 1546 1759; x_wconf 84' lang='lat' dir='ltr'><strong>Clodium</strong></span> 
     </span>
     <span class='ocr_line' id='line_1_9' title="bbox 430 1813 1545 1907; baseline -0.006 -20"><span class='ocrx_word' id='word_1_67' title='bbox 430 1828 622 1903; x_wconf 88' lang='lat' dir='ltr'><strong>mortuum,</strong></span> <span class='ocrx_word' id='word_1_68' title='bbox 664 1821 821 1888; x_wconf 89' lang='lat' dir='ltr'><strong>animum</strong></span> <span class='ocrx_word' id='word_1_69' title='bbox 863 1841 966 1890; x_wconf 90' lang='lat' dir='ltr'><strong>suum</strong></span> <span class='ocrx_word' id='word_1_70' title='bbox 1005 1821 1070 1889; x_wconf 88' lang='lat' dir='ltr'><strong>hoc</strong></span> <span class='ocrx_word' id='word_1_71' title='bbox 1105 1828 1264 1907; x_wconf 88' lang='lat' dir='ltr'><strong>tempore</strong></span> <span class='ocrx_word' id='word_1_72' title='bbox 1300 1813 1545 1905; x_wconf 83' lang='lat' dir='ltr'><strong>perturbatum</strong></span> 
     </span>
     <span class='ocr_line' id='line_1_10' title="bbox 428 1942 1547 2035; baseline -0.003 -23"><span class='ocrx_word' id='word_1_73' title='bbox 428 1945 535 2013; x_wconf 86' lang='lat' dir='ltr'><strong>luisse</strong></span> <span class='ocrx_word' id='word_1_74' title='bbox 559 1946 660 2013; x_wconf 87' lang='lat' dir='ltr'><strong>enixe</strong></span> <span class='ocrx_word' id='word_1_75' title='bbox 684 1951 807 2034; x_wconf 84' lang='lat' dir='ltr'><strong>negat:</strong></span> <span class='ocrx_word' id='word_1_76' title='bbox 833 1946 943 2030; x_wconf 83' lang='lat' dir='ltr'><strong>„Vide</strong></span> <span class='ocrx_word' id='word_1_77' title='bbox 966 1946 1214 2035; x_wconf 75' lang='lat' dir='ltr'><strong>(Glodilquam</strong></span> <span class='ocrx_word' id='word_1_78' title='bbox 1229 1945 1360 2013; x_wconf 84' lang='lat' dir='ltr'><strong>istatui</strong></span> <span class='ocrx_word' id='word_1_79' title='bbox 1375 1942 1547 2011; x_wconf 87' lang='lat' dir='ltr'><strong>latrocinii</strong></span> 
     </span>
     <span class='ocr_line' id='line_1_11' title="bbox 430 2068 1547 2158; baseline -0.004 -20"><span class='ocrx_word' id='word_1_80' title='bbox 430 2070 499 2138; x_wconf 89' lang='lat' dir='ltr'><strong>tela</strong></span> <span class='ocrx_word' id='word_1_81' title='bbox 528 2072 818 2158; x_wconf 82' lang='lat' dir='ltr'><strong>contempserim:</strong></span> <span class='ocrx_word' id='word_1_82' title='bbox 842 2071 972 2140; x_wconf 87' lang='lat' dir='ltr'><strong>iactam</strong></span> <span class='ocrx_word' id='word_1_83' title='bbox 997 2078 1031 2139; x_wconf 90' lang='lat' dir='ltr'><strong>et</strong></span> <span class='ocrx_word' id='word_1_84' title='bbox 1054 2072 1247 2139; x_wconf 89' lang='lat' dir='ltr'><strong>immissam</strong></span> <span class='ocrx_word' id='word_1_85' title='bbox 1272 2091 1294 2138; x_wconf 87' lang='lat' dir='ltr'><strong>a</strong></span> <span class='ocrx_word' id='word_1_86' title='bbox 1316 2076 1351 2137; x_wconf 93' lang='lat' dir='ltr'><strong>te</strong></span> <span class='ocrx_word' id='word_1_87' title='bbox 1376 2068 1547 2137; x_wconf 79' lang='lat' dir='ltr'><strong>nefariam</strong></span> 
     </span>
     <span class='ocr_line' id='line_1_12' title="bbox 428 2194 1547 2284; baseline -0.004 -21"><span class='ocrx_word' id='word_1_88' title='bbox 428 2197 464 2263; x_wconf 93' lang='lat' dir='ltr'><strong>in</strong></span> <span class='ocrx_word' id='word_1_89' title='bbox 502 2215 558 2263; x_wconf 90' lang='lat' dir='ltr'><strong>me</strong></span> <span class='ocrx_word' id='word_1_90' title='bbox 591 2195 754 2263; x_wconf 88' lang='lat' dir='ltr'><strong>iniuriam</strong></span> <span class='ocrx_word' id='word_1_91' title='bbox 780 2215 920 2284; x_wconf 81' lang='lat' dir='ltr'><strong>semper</strong></span> <span class='ocrx_word' id='word_1_92' title='bbox 942 2195 1045 2280; x_wconf 81' lang='lat' dir='ltr'><strong>duxi3</strong></span> <span class='ocrx_word' id='word_1_93' title='bbox 1069 2195 1269 2284; x_wconf 88' lang='lat' dir='ltr'><strong>pervenisse</strong></span> <span class='ocrx_word' id='word_1_94' title='bbox 1293 2194 1336 2262; x_wconf 87' lang='lat' dir='ltr'><strong>ad</strong></span> <span class='ocrx_word' id='word_1_95' title='bbox 1362 2212 1418 2261; x_wconf 91' lang='lat' dir='ltr'><strong>me</strong></span> <span class='ocrx_word' id='word_1_96' title='bbox 1443 2212 1547 2260; x_wconf 92' lang='lat' dir='ltr'><strong>uum·</strong></span> 
     </span>
     <span class='ocr_line' id='line_1_13' title="bbox 429 2317 1548 2409; baseline -0.004 -22"><span class='ocrx_word' id='word_1_97' title='bbox 429 2340 536 2407; x_wconf 90' lang='lat' dir='ltr'><strong>quam</strong></span> <span class='ocrx_word' id='word_1_98' title='bbox 562 2321 726 2409; x_wconf 88' lang='lat' dir='ltr'><strong>putavi..</strong></span> <span class='ocrx_word' id='word_1_99' title='bbox 742 2357 768 2386; x_wconf 90' lang='lat'><strong>.·.</strong></span> <span class='ocrx_word' id='word_1_100' title='bbox 793 2319 829 2388; x_wconf 92' lang='lat' dir='ltr'><strong>Si</strong></span> <span class='ocrx_word' id='word_1_101' title='bbox 855 2321 940 2387; x_wconf 82' lang='lat' dir='ltr'><strong>milri</strong></span> <span class='ocrx_word' id='word_1_102' title='bbox 964 2320 1153 2408; x_wconf 83' lang='lat' dir='ltr'><strong>eripuisses</strong></span> <span class='ocrx_word' id='word_1_103' title='bbox 1176 2318 1330 2386; x_wconf 86' lang='lat' dir='ltr'><strong>divinam</strong></span> <span class='ocrx_word' id='word_1_104' title='bbox 1356 2317 1465 2385; x_wconf 91' lang='lat' dir='ltr'><strong>animi</strong></span> <span class='ocrx_word' id='word_1_105' title='bbox 1480 2317 1548 2384; x_wconf 89' lang='lat' dir='ltr'><strong>mei</strong></span> 
     </span>
     <span class='ocr_line' id='line_1_14' title="bbox 430 2441 1549 2522; baseline -0.003 -11"><span class='ocrx_word' id='word_1_106' title='bbox 430 2443 681 2511; x_wconf 85' lang='lat' dir='ltr'><strong>conscientiam</strong></span> <span class='ocrx_word' id='word_1_107' title='bbox 697 2495 704 2511; x_wconf 94' lang='lat'><strong>.</strong></span> <span class='ocrx_word' id='word_1_108' title='bbox 719 2496 726 2510; x_wconf 90' lang='lat'><strong>.</strong></span> <span class='ocrx_word' id='word_1_109' title='bbox 742 2495 772 2512; x_wconf 91' lang='lat'><strong>..</strong></span> <span class='ocrx_word' id='word_1_110' title='bbox 807 2444 837 2511; x_wconf 88' lang='lat' dir='ltr'><strong>si</strong></span> <span class='ocrx_word' id='word_1_111' title='bbox 864 2443 959 2511; x_wconf 84' lang='lat' dir='ltr'><strong>illam</strong></span> <span class='ocrx_word' id='word_1_112' title='bbox 986 2450 1151 2522; x_wconf 79' lang='lat' dir='ltr'><strong>mentem,</strong></span> <span class='ocrx_word' id='word_1_113' title='bbox 1176 2441 1270 2510; x_wconf 91' lang='lat' dir='ltr'><strong>unde</strong></span> <span class='ocrx_word' id='word_1_114' title='bbox 1296 2443 1382 2511; x_wconf 84' lang='lat' dir='ltr'><strong>baec</strong></span> <span class='ocrx_word' id='word_1_115' title='bbox 1404 2441 1549 2511; x_wconf 88' lang='lat' dir='ltr'><strong>consilia</strong></span> 
     </span>
     <span class='ocr_line' id='line_1_15' title="bbox 433 2566 1546 2658; baseline -0.003 -23"><span class='ocrx_word' id='word_1_116' title='bbox 433 2572 665 2636; x_wconf 83' lang='lat' dir='ltr'><strong>manarunt..</strong></span> <span class='ocrx_word' id='word_1_117' title='bbox 681 2603 710 2634; x_wconf 57' lang='lat' dir='ltr'><strong>a.</strong></span> <span class='ocrx_word' id='word_1_118' title='bbox 735 2577 810 2636; x_wconf 92' lang='lat' dir='ltr'><strong>tum</strong></span> <span class='ocrx_word' id='word_1_119' title='bbox 836 2587 901 2658; x_wconf 82' lang='lat' dir='ltr'><strong>ego</strong></span> <span class='ocrx_word' id='word_1_120' title='bbox 924 2567 1099 2654; x_wconf 85' lang='lat' dir='ltr'><strong>accepisse</strong></span> <span class='ocrx_word' id='word_1_121' title='bbox 1114 2588 1169 2635; x_wconf 91' lang='lat' dir='ltr'><strong>me</strong></span> <span class='ocrx_word' id='word_1_122' title='bbox 1182 2567 1370 2636; x_wconf 86' lang='lat' dir='ltr'><strong>confiterer</strong></span> <span class='ocrx_word' id='word_1_123' title='bbox 1381 2566 1546 2636; x_wconf 84' lang='lat' dir='ltr'><strong>iniuriam</strong></span> 
     </span>
     <span class='ocr_line' id='line_1_16' title="bbox 429 2691 857 2782; baseline -0.002 -22"><span class='ocrx_word' id='word_1_124' title='bbox 429 2691 628 2778; x_wconf 85' lang='lat' dir='ltr'><strong>(Paradoxa</strong></span> <span class='ocrx_word' id='word_1_125' title='bbox 651 2692 669 2782; x_wconf 64' lang='grc' dir='ltr'><strong>ἕ</strong></span> <span class='ocrx_word' id='word_1_126' title='bbox 691 2693 736 2760; x_wconf 75' lang='lat'><strong>‘28</strong></span> <span class='ocrx_word' id='word_1_127' title='bbox 758 2693 857 2780; x_wconf 88' lang='lat' dir='ltr'><strong>sq.).&#39;’</strong></span> 
     </span>
    </p>

    <p class='ocr_par' dir='ltr' id='par_1_3' title="bbox 429 2814 1549 4025">
     <span class='ocr_line' id='line_1_17' title="bbox 476 2814 1547 2905; baseline -0.003 -21"><span class='ocrx_word' id='word_1_128' title='bbox 476 2816 577 2886; x_wconf 87' lang='lat' dir='ltr'><strong>Hisce</strong></span> <span class='ocrx_word' id='word_1_129' title='bbox 609 2815 714 2884; x_wconf 87' lang='lat' dir='ltr'><strong>fidem</strong></span> <span class='ocrx_word' id='word_1_130' title='bbox 741 2815 937 2884; x_wconf 81' lang='lat' dir='ltr'><strong>babendum</strong></span> <span class='ocrx_word' id='word_1_131' title='bbox 962 2835 1037 2884; x_wconf 92' lang='lat' dir='ltr'><strong>esse</strong></span> <span class='ocrx_word' id='word_1_132' title='bbox 1061 2816 1194 2884; x_wconf 90' lang='lat' dir='ltr'><strong>nullam</strong></span> <span class='ocrx_word' id='word_1_133' title='bbox 1219 2816 1335 2905; x_wconf 90' lang='lat' dir='ltr'><strong>quivis</strong></span> <span class='ocrx_word' id='word_1_134' title='bbox 1358 2814 1547 2902; x_wconf 80' lang='lat' dir='ltr'><strong>intelleget.</strong></span> 
     </span>
     <span class='ocr_line' id='line_1_18' title="bbox 429 2940 1547 3029; baseline -0.004 -20"><span class='ocrx_word' id='word_1_135' title='bbox 429 2940 586 3009; x_wconf 83' lang='lat' dir='ltr'><strong>Ciceroni</strong></span> <span class='ocrx_word' id='word_1_136' title='bbox 608 2940 701 3008; x_wconf 88' lang='lat' dir='ltr'><strong>exuli</strong></span> <span class='ocrx_word' id='word_1_137' title='bbox 714 2941 874 3010; x_wconf 88' lang='lat' dir='ltr'><strong>animum</strong></span> <span class='ocrx_word' id='word_1_138' title='bbox 887 2961 1040 3029; x_wconf 87' lang='lat' dir='ltr'><strong>aequum</strong></span> <span class='ocrx_word' id='word_1_139' title='bbox 1054 2942 1197 3010; x_wconf 93' lang='lat' dir='ltr'><strong>omniuo</strong></span> <span class='ocrx_word' id='word_1_140' title='bbox 1210 2940 1439 3028; x_wconf 83' lang='lat' dir='ltr'><strong>‹leluissepru</strong></span> <span class='ocrx_word' id='word_1_141' title='bbox 1452 2944 1547 3006; x_wconf 91' lang='lat' dir='ltr'><strong>certo</strong></span> 
     </span>
     <span class='ocr_line' id='line_1_19' title="bbox 429 3065 1547 3153; baseline -0.003 -19"><span class='ocrx_word' id='word_1_142' title='bbox 429 3071 584 3134; x_wconf 79' lang='lat' dir='ltr'><strong>statuere</strong></span> <span class='ocrx_word' id='word_1_143' title='bbox 619 3065 710 3134; x_wconf 88' lang='lat' dir='ltr'><strong>licet.</strong></span> <span class='ocrx_word' id='word_1_144' title='bbox 744 3065 832 3134; x_wconf 87' lang='lat' dir='ltr'><strong>Cum</strong></span> <span class='ocrx_word' id='word_1_145' title='bbox 859 3086 940 3134; x_wconf 87' lang='lat' dir='ltr'><strong>vero</strong></span> <span class='ocrx_word' id='word_1_146' title='bbox 965 3067 1065 3153; x_wconf 93' lang='lat' dir='ltr'><strong>quies</strong></span> <span class='ocrx_word' id='word_1_147' title='bbox 1088 3067 1198 3134; x_wconf 85' lang='lat' dir='ltr'><strong>animi</strong></span> <span class='ocrx_word' id='word_1_148' title='bbox 1221 3065 1380 3134; x_wconf 86' lang='lat' dir='ltr'><strong>condicio</strong></span> <span class='ocrx_word' id='word_1_149' title='bbox 1404 3065 1450 3132; x_wconf 88' lang='lat' dir='ltr'><strong>sil</strong></span> <span class='ocrx_word' id='word_1_150' title='bbox 1473 3065 1547 3132; x_wconf 89' lang='lat' dir='ltr'><strong>sine</strong></span> 
     </span>
     <span class='ocr_line' id='line_1_20' title="bbox 430 3188 1549 3279; baseline -0.002 -22"><span class='ocrx_word' id='word_1_151' title='bbox 430 3211 500 3279; x_wconf 90' lang='lat' dir='ltr'><strong>qua</strong></span> <span class='ocrx_word' id='word_1_152' title='bbox 535 3189 726 3258; x_wconf 87' lang='lat' dir='ltr'><strong>consolatio</strong></span> <span class='ocrx_word' id='word_1_153' title='bbox 763 3188 879 3257; x_wconf 87' lang='lat' dir='ltr'><strong>valere</strong></span> <span class='ocrx_word' id='word_1_154' title='bbox 913 3189 1020 3277; x_wconf 91' lang='lat' dir='ltr'><strong>possit</strong></span> <span class='ocrx_word' id='word_1_155' title='bbox 1055 3189 1162 3266; x_wconf 78' lang='lat' dir='ltr'><strong>nulla.</strong></span> <span class='ocrx_word' id='word_1_156' title='bbox 1186 3189 1324 3258; x_wconf 83' lang='lat' dir='ltr'><strong>inutilla</strong></span> <span class='ocrx_word' id='word_1_157' title='bbox 1346 3190 1377 3256; x_wconf 89' lang='lat' dir='ltr'><strong>ei</strong></span> <span class='ocrx_word' id='word_1_158' title='bbox 1403 3189 1549 3257; x_wconf 88' lang='lat' dir='ltr'><strong>luerunt</strong></span> 
     </span>
     <span class='ocr_line' id='line_1_21' title="bbox 429 3313 1548 3402; baseline -0.003 -19"><span class='ocrx_word' id='word_1_159' title='bbox 429 3335 510 3383; x_wconf 89' lang='lat' dir='ltr'><strong>oum</strong></span> <span class='ocrx_word' id='word_1_160' title='bbox 535 3334 626 3402; x_wconf 94' lang='lat' dir='ltr'><strong>quae</strong></span> <span class='ocrx_word' id='word_1_161' title='bbox 646 3313 757 3381; x_wconf 82' lang='lat' dir='ltr'><strong>frater</strong></span> <span class='ocrx_word' id='word_1_162' title='bbox 778 3314 957 3400; x_wconf 88' lang='lat' dir='ltr'><strong>ceterique</strong></span> <span class='ocrx_word' id='word_1_163' title='bbox 972 3314 1190 3402; x_wconf 90' lang='lat' dir='ltr'><strong>repetierunt</strong></span> <span class='ocrx_word' id='word_1_164' title='bbox 1202 3313 1364 3402; x_wconf 86' lang='lat' dir='ltr'><strong>exempla</strong></span> <span class='ocrx_word' id='word_1_165' title='bbox 1379 3320 1548 3388; x_wconf 84' lang='lat' dir='ltr'><strong>veterum,</strong></span> 
     </span>
     <span class='ocr_line' id='line_1_22' title="bbox 429 3437 1549 3528; baseline -0.001 -22"><span class='ocrx_word' id='word_1_166' title='bbox 429 3448 505 3506; x_wconf 94' lang='lat' dir='ltr'><strong>tum</strong></span> <span class='ocrx_word' id='word_1_167' title='bbox 542 3459 633 3528; x_wconf 91' lang='lat' dir='ltr'><strong>quae</strong></span> <span class='ocrx_word' id='word_1_168' title='bbox 668 3437 865 3527; x_wconf 84' lang='lat' dir='ltr'><strong>philosophi</strong></span> <span class='ocrx_word' id='word_1_169' title='bbox 891 3437 1028 3522; x_wconf 85' lang='lat' dir='ltr'><strong>Graeci,</strong></span> <span class='ocrx_word' id='word_1_170' title='bbox 1052 3457 1141 3526; x_wconf 91' lang='lat' dir='ltr'><strong>quus</strong></span> <span class='ocrx_word' id='word_1_171' title='bbox 1164 3443 1237 3506; x_wconf 92' lang='lat' dir='ltr'><strong>tam</strong></span> <span class='ocrx_word' id='word_1_172' title='bbox 1262 3439 1428 3506; x_wconf 84' lang='lat' dir='ltr'><strong>ardenter</strong></span> <span class='ocrx_word' id='word_1_173' title='bbox 1449 3437 1549 3506; x_wconf 86' lang='lat' dir='ltr'><strong>lecti·</strong></span> 
     </span>
     <span class='ocr_line' id='line_1_23' title="bbox 429 3561 1548 3652; baseline -0.002 -21"><span class='ocrx_word' id='word_1_174' title='bbox 429 3563 538 3640; x_wconf 83' lang='lat' dir='ltr'><strong>tabat,</strong></span> <span class='ocrx_word' id='word_1_175' title='bbox 578 3562 620 3629; x_wconf 88' lang='lat' dir='ltr'><strong>ad</strong></span> <span class='ocrx_word' id='word_1_176' title='bbox 658 3563 815 3630; x_wconf 87' lang='lat' dir='ltr'><strong>animum</strong></span> <span class='ocrx_word' id='word_1_177' title='bbox 853 3561 1067 3630; x_wconf 90' lang='lat' dir='ltr'><strong>firmandum</strong></span> <span class='ocrx_word' id='word_1_178' title='bbox 1103 3563 1300 3652; x_wconf 87' lang='lat' dir='ltr'><strong>potuissent</strong></span> <span class='ocrx_word' id='word_1_179' title='bbox 1333 3561 1472 3646; x_wconf 83' lang='lat' dir='ltr'><strong>afferre,</strong></span> <span class='ocrx_word' id='word_1_180' title='bbox 1506 3563 1548 3629; x_wconf 92' lang='lat' dir='ltr'><strong>iis</strong></span> 
     </span>
     <span class='ocr_line' id='line_1_24' title="bbox 431 3685 1548 3776; baseline 0.001 -22"><span class='ocrx_word' id='word_1_181' title='bbox 431 3687 636 3776; x_wconf 87' lang='lat' dir='ltr'><strong>praesertim</strong></span> <span class='ocrx_word' id='word_1_182' title='bbox 662 3686 891 3775; x_wconf 83' lang='lat' dir='ltr'><strong>temporibus,</strong></span> <span class='ocrx_word' id='word_1_183' title='bbox 911 3685 1040 3774; x_wconf 91' lang='lat' dir='ltr'><strong>quibus</strong></span> <span class='ocrx_word' id='word_1_184' title='bbox 1053 3707 1097 3754; x_wconf 92' lang='lat' dir='ltr'><strong>ne</strong></span> <span class='ocrx_word' id='word_1_185' title='bbox 1111 3686 1245 3773; x_wconf 87' lang='lat' dir='ltr'><strong>privato</strong></span> <span class='ocrx_word' id='word_1_186' title='bbox 1258 3685 1401 3773; x_wconf 91' lang='lat' dir='ltr'><strong>quidem</strong></span> <span class='ocrx_word' id='word_1_187' title='bbox 1416 3686 1548 3756; x_wconf 91' lang='lat' dir='ltr'><strong>homini</strong></span> 
     </span>
     <span class='ocr_line' id='line_1_25' title="bbox 429 3811 1548 3899; baseline 0 -22"><span class='ocrx_word' id='word_1_188' title='bbox 429 3811 695 3899; x_wconf 80' lang='lat' dir='ltr'><strong>tranquillitatis</strong></span> <span class='ocrx_word' id='word_1_189' title='bbox 718 3811 803 3879; x_wconf 89' lang='lat' dir='ltr'><strong>satis</strong></span> <span class='ocrx_word' id='word_1_190' title='bbox 826 3811 1056 3899; x_wconf 80' lang='lat' dir='ltr'><strong>contingeret,</strong></span> <span class='ocrx_word' id='word_1_191' title='bbox 1081 3820 1121 3878; x_wconf 86' lang='lat' dir='ltr'><strong>ut</strong></span> <span class='ocrx_word' id='word_1_192' title='bbox 1144 3811 1548 3898; x_wconf 87' lang='lat' dir='ltr'><strong>remuliscurissapien·</strong></span> 
     </span>
     <span class='ocr_line' id='line_1_26' title="bbox 429 3934 1347 4025; baseline 0 -22"><span class='ocrx_word' id='word_1_193' title='bbox 429 3937 499 4004; x_wconf 91' lang='lat' dir='ltr'><strong>tiae</strong></span> <span class='ocrx_word' id='word_1_194' title='bbox 522 3934 689 4005; x_wconf 87' lang='lat' dir='ltr'><strong>colendae</strong></span> <span class='ocrx_word' id='word_1_195' title='bbox 714 3935 1031 4025; x_wconf 80' lang='lat' dir='ltr'><strong>propagandaeque</strong></span> <span class='ocrx_word' id='word_1_196' title='bbox 1055 3934 1157 4004; x_wconf 90' lang='lat' dir='ltr'><strong>daret</strong></span> <span class='ocrx_word' id='word_1_197' title='bbox 1183 3955 1347 4025; x_wconf 84' lang='lat' dir='ltr'><strong>operam:</strong></span> 
     </span>
    </p>

    <p class='ocr_par' dir='ltr' id='par_1_4' title="bbox 550 4077 1413 4156">
     <span class='ocr_line' id='line_1_27' title="bbox 550 4077 1413 4156; baseline 0.002 -20"><span class='ocrx_word' id='word_1_198' title='bbox 550 4079 626 4136; x_wconf 83' lang='lat' dir='ltr'><strong>Num</strong></span> <span class='ocrx_word' id='word_1_199' title='bbox 648 4095 746 4156; x_wconf 86' lang='lat' dir='ltr'><strong>neque</strong></span> <span class='ocrx_word' id='word_1_200' title='bbox 766 4095 820 4136; x_wconf 83' lang='lat' dir='ltr'><strong>nos</strong></span> <span class='ocrx_word' id='word_1_201' title='bbox 841 4095 931 4154; x_wconf 82' lang='lat' dir='ltr'><strong>agere</strong></span> <span class='ocrx_word' id='word_1_202' title='bbox 952 4077 1006 4136; x_wconf 88' lang='lat' dir='ltr'><strong>hoc</strong></span> <span class='ocrx_word' id='word_1_203' title='bbox 1028 4078 1135 4156; x_wconf 85' lang='lat' dir='ltr'><strong>patriai</strong></span> <span class='ocrx_word' id='word_1_204' title='bbox 1156 4083 1288 4156; x_wconf 86' lang='lat' dir='ltr'><strong>tempore</strong></span> <span class='ocrx_word' id='word_1_205' title='bbox 1309 4077 1413 4156; x_wconf 84' lang='lat' dir='ltr'><strong>iniquo</strong></span> 
     </span>
    </p>
   </div>
   <div class='ocr_carea' id='block_1_3' title="bbox 550 4193 1419 4374">
    <p class='ocr_par' dir='ltr' id='par_1_5' title="bbox 550 4193 1419 4374">
     <span class='ocr_line' id='line_1_28' title="bbox 550 4193 1419 4271; baseline 0 -19"><span class='ocrx_word' id='word_1_206' title='bbox 550 4194 711 4254; x_wconf 80' lang='lat' dir='ltr'><strong>Possumus</strong></span> <span class='ocrx_word' id='word_1_207' title='bbox 732 4211 827 4270; x_wconf 88' lang='lat' dir='ltr'><strong>aequo</strong></span> <span class='ocrx_word' id='word_1_208' title='bbox 848 4195 948 4254; x_wconf 87' lang='lat' dir='ltr'><strong>animo</strong></span> <span class='ocrx_word' id='word_1_209' title='bbox 968 4211 1023 4252; x_wconf 86' lang='lat' dir='ltr'><strong>nec</strong></span> <span class='ocrx_word' id='word_1_210' title='bbox 1044 4193 1165 4253; x_wconf 83' lang='lat' dir='ltr'><strong>Memmi</strong></span> <span class='ocrx_word' id='word_1_211' title='bbox 1186 4193 1267 4253; x_wconf 85' lang='lat' dir='ltr'><strong>clara</strong></span> <span class='ocrx_word' id='word_1_212' title='bbox 1288 4211 1419 4271; x_wconf 71' lang='lat' dir='ltr'><strong>propago</strong></span> 
     </span>
     <span class='ocr_line' id='line_1_29' title="bbox 550 4309 1228 4374; baseline 0.001 -7"><span class='ocrx_word' id='word_1_213' title='bbox 550 4309 673 4369; x_wconf 78' lang='lat' dir='ltr'><strong>Talibus</strong></span> <span class='ocrx_word' id='word_1_214' title='bbox 694 4311 724 4374; x_wconf 89' lang='lat' dir='ltr'><strong>iu</strong></span> <span class='ocrx_word' id='word_1_215' title='bbox 744 4310 834 4370; x_wconf 82' lang='lat' dir='ltr'><strong>robus</strong></span> <span class='ocrx_word' id='word_1_216' title='bbox 853 4311 1003 4370; x_wconf 86' lang='lat' dir='ltr'><strong>communi</strong></span> <span class='ocrx_word' id='word_1_217' title='bbox 1024 4309 1109 4369; x_wconf 78' lang='lat' dir='ltr'><strong>deese</strong></span> <span class='ocrx_word' id='word_1_218' title='bbox 1129 4310 1228 4370; x_wconf 82' lang='lat' dir='ltr'><strong>saluti.</strong></span> 
     </span>
    </p>
   </div>
   <div class='ocr_carea' id='block_1_4' title="bbox 1082 4426 1509 4500">
    <p class='ocr_par' dir='ltr' id='par_1_6' title="bbox 1082 4426 1509 4500">
     <span class='ocr_line' id='line_1_30' title="bbox 1082 4426 1509 4500; baseline -0.002 -16"><span class='ocrx_word' id='word_1_219' title='bbox 1082 4426 1251 4500; x_wconf 80' lang='lat' dir='ltr'><strong>(Lucretius</strong></span> <span class='ocrx_word' id='word_1_220' title='bbox 1273 4427 1287 4484; x_wconf 90' lang='grc' dir='ltr'>Ι</span> <span class='ocrx_word' id='word_1_221' title='bbox 1308 4427 1448 4498; x_wconf 81' lang='grc'>41-43).</span> <span class='ocrx_word' id='word_1_222' title='bbox 1471 4457 1509 4470; x_wconf 90' lang='grc'>-</span> 
     </span>
    </p>
   </div>
   <div class='ocr_carea' id='block_1_5' title="bbox 0 0 1897 5488">
    <p class='ocr_par' dir='ltr' id='par_1_7' title="bbox 0 0 1897 5488">
     <span class='ocr_line' id='line_1_31' title="bbox 0 0 1897 5488; baseline 0 0"><span class='ocrx_word' id='word_1_223' title='bbox 0 0 1897 5488; x_wconf 95' lang='lat' dir='ltr'><strong> </strong></span> 
     </span>
    </p>
   </div>
  </div>
 </body>
</html>
