3792 5486
938 723 1004 792 474

409 924 495 992 tutis
528 924 681 1012 rigorem
717 942 799 991 suos
829 924 941 993 socios
964 943 985 991 a
1009 943 1047 991 se
1070 922 1270 993 abalienare
1293 923 1376 1009 (vid.
1401 946 1434 1015 p.
1458 925 1526 1011 35).
1576 963 1580 970 ·

408 1046 497 1116 Cum
520 1055 640 1116 autem
665 1047 784 1118 Clodio
810 1047 977 1116 molestus
1001 1045 1077 1116 fieri
1102 1053 1218 1150 posset
1241 1068 1357 1137 neque
1386 1048 1526 1132 Caesar,

407 1173 443 1240 in
480 1171 629 1241 Galliam
667 1170 900 1261 proficiscens,
932 1192 1147 1262 quemquam
1173 1172 1303 1242 Romae
1327 1173 1527 1263 relinquere

410 1295 522 1379 vellet,
545 1297 606 1386 qui
630 1297 784 1386 partium
809 1297 1033 1384 optimatium
1058 1296 1129 1365 dux
1153 1303 1245 1366 esset
1263 1298 1422 1383 idoneus,
1446 1297 1527 1368 Glo-

407 1420 488 1489 dius
521 1421 634 1510 legem
670 1421 761 1505 tulit,
797 1443 868 1512 qua
891 1420 1060 1518 Catonem
1084 1421 1151 1490 sub
1176 1421 1526 1494 honorificentissimo

409 1545 593 1614 ministerii
627 1545 730 1614 titulo
764 1567 786 1614 a
820 1545 1024 1636 republica
1049 1546 1226 1636 relegavit.
1253 1545 1525 1637 Quippelegem

406 1669 498 1752 tulit,
534 1675 573 1738 ut
607 1675 773 1760 quaestor
808 1691 889 1740 oum
924 1671 1001 1738 iure
1037 1671 1223 1759 praetorio,
1259 1671 1395 1742 adiecto
1417 1672 1524 1752 etiam

406 1798 603 1883 quaestore,
628 1794 828 1863 mitteretur
840 1795 874 1863 iu
888 1794 1039 1863 insulam
1053 1795 1221 1888 Cyprum,
1245 1795 1288 1863 ad
1302 1796 1524 1885 spoliandum

407 1938 515 2008 regno
539 1917 779 1988 Ptolemaeum
803 1919 939 2006 (Vellei.
964 1918 995 1987 ll
1018 1919 1063 1987 44
1085 1919 1129 1988 cf.
1153 1918 1223 1989 Cic.
1247 1919 1290 1987 de
1305 1919 1471 2009 dom.‘20)
1500 1921 1526 2010 ).

450 2043 490 2111 In
514 2043 617 2112 exilio
640 2044 761 2113 Cicero
784 2045 891 2114 semel
915 2050 1055 2113 tantum
1076 2047 1246 2114 (tatonem
1260 2051 1524 2115 commemorat.

407 2166 603 2257 Scripserat
637 2169 754 2238 Attico
790 2188 923 2253 omnes,
959 2188 1048 2257 quos
1082 2169 1214 2238 amicos
1249 2175 1417 2257 putasset,
1460 2169 1526 2239 sibi

404 2291 581 2373 invidisse,
617 2292 756 2364 Atticus
790 2299 938 2363 conatus
971 2301 1048 2361 erat
1082 2313 1142 2362 eos
1166 2314 1330 2383 purgare,
1354 2293 1525 2372 Catonem

405 2417 580 2506 imprimis
602 2418 634 2487 ei
658 2424 740 2486 ante
764 2418 884 2488 oculos
907 2437 1060 2507 ponens;
1083 2417 1205 2488 Cicero
1229 2419 1417 2508 respondet
1432 2419 1525 2492 sede

405 2542 482 2610 eius
505 2540 573 2610 lide
596 2563 793 2630 numquam
818 2541 1016 2612 dubitasse:
1041 2541 1162 2627 „Quod
1189 2563 1319 2632 purgas
1343 2564 1412 2630 eos,
1436 2565 1526 2632 quos

405 2684 469 2754 ego
494 2667 580 2734 mihi
603 2667 726 2756 scripsi
749 2667 925 2753 invidisse,
949 2675 985 2736 et
1006 2668 1043 2734 in
1067 2667 1118 2734 eis
1141 2666 1322 2750 Catonem,
1345 2687 1410 2756 ego
1442 2687 1524 2741 vero

405 2795 544 2860 tantum
579 2791 679 2859 illum
712 2799 796 2882 puto
826 2792 872 2860 ab
895 2793 962 2860 isto
986 2791 1117 2860 scalere
1141 2791 1281 2876 afuisse,
1307 2797 1348 2860 ut
1371 2793 1524 2862 maxime

405 2914 542 2984 doleam
568 2915 646 3005 plus
668 2916 762 3006 apud
789 2937 844 2985 me
864 2915 1124 2984 simulationem
1138 2915 1288 2984 aliorum
1301 2936 1409 3005 quam
1422 2916 1524 2985 istius

405 3038 510 3108 fidem
536 3040 686 3109 valuisse
709 3039 768 3129 (ad
793 3039 1087 3130 Att.11115.a).”
1114 3079 1153 3088 —

449 3163 538 3234 Cum
573 3164 741 3235 Cicerone
773 3165 813 3245 Q.
844 3165 1123 3234 Hortensius
1148 3164 1368 3234 Hortalus
1392 3165 1524 3256 princi·

404 3294 527 3377 patum
558 3288 594 3357 in
626 3309 664 3358 re
696 3290 850 3359 oratoria
879 3288 1034 3372 tenebat,
1066 3309 1157 3378 quae
1188 3289 1378 3358 aemulatio
1401 3296 1520 3359 tamen

403 3432 526 3481 eorum
550 3412 726 3482 amicitiae
749 3434 818 3483 nou
843 3415 964 3484 nocuit
985 3455 1023 3464 —
1039 3414 1180 3501 utrique
1194 3415 1427 3484 honorificum
1440 3436 1523 3506 pro-

403 3536 495 3607 lecto
529 3537 787 3607 testimonium!
820 3538 968 3627 Saepius
998 3560 1110 3608 uuum
1136 3559 1235 3608 reum
1260 3560 1333 3607 una
1355 3540 1523 3609 dolende-

403 3668 498 3740 runt,
522 3667 562 3729 ut
585 3661 771 3730 Murenam
796 3663 875 3752 (pro
898 3662 988 3732 Mur.
1004 3663 1129 3752 40,48),
1142 3663 1325 3732 Plancium
1340 3664 1389 3753 (p.
1403 3663 1521 3733 Plano.

401 3784 474 3875 37),
497 3785 662 3855 Flaccum
688 3786 736 3875 (p.
762 3787 885 3856 Flacco
905 3785 975 3876 44),
996 3787 1093 3856 alios.
1115 3787 1348 3876 Optimatium
1361 3785 1521 3877 partibus

403 3930 484 3978 cum
520 3910 687 3981 Cicerone
721 3911 882 3980 addictus
919 3911 1126 3981 Hortensius
1157 3911 1268 3981 Clodii
1298 3911 1522 3980 adversarius

443 4074 474 4146 l)
513 4071 615 4151 Negari
636 4091 704 4134 sane
725 4089 782 4133 nou
805 4081 907 4152 polest,
930 4071 1057 4152 lepidum
1083 4071 1175 4134 Clodii
1196 4071 1294 4133 iocum
1309 4071 1409 4144 luisse,
1431 4071 1521 4134 homi·

402 4204 468 4247 nem
499 4185 630 4248 omniurn
654 4187 849 4248 Romanorum
870 4187 1087 4267 integerrimum
1110 4187 1222 4248 mittere
1243 4187 1277 4248 ad
1301 4188 1521 4267 perpetrandum

401 4301 513 4363 lacinus
535 4320 593 4382 quo
616 4303 729 4364 nullum
753 4321 891 4382 umquam
916 4305 1041 4384 populus
1060 4302 1520 4366 Romanuscornrnisitiniustius.

401 4417 443 4479 Cl.
466 4417 609 4481 Plutarch.
632 4419 691 4480 Cat
716 4421 764 4491 34,
787 4419 986 4480 Mommsen
1008 4419 1147 4480 lirare.
