3792 5486
979 775 1047 844 litt

456 976 690 1066 aggrediendo
719 976 887 1046 Cicerone
911 973 1135 1061 contineret),
1159 992 1201 1040 ea
1224 992 1295 1040 uon
1320 977 1519 1050 servantur,
1542 971 1578 1039 io

458 1101 554 1171 caelo
578 1121 668 1186 sum,
694 1108 733 1170 ut
753 1103 840 1169 sciat
862 1099 917 1168 hic
934 1089 1054 1167 noster
1067 1096 1385 1184 Hierosolymarius
1398 1095 1580 1165 traductor

459 1226 501 1294 ad
539 1225 689 1315 plebem,
724 1245 834 1314 quam
871 1224 999 1293 bonam
1032 1223 1119 1291 meis
1143 1222 1337 1311 putissimis
1361 1221 1580 1289 orationibus

458 1351 608 1439 gratiam
631 1349 817 1428 rettulerit,
840 1368 992 1436 quarum
1018 1353 1182 1436 exspecta
1201 1345 1357 1414 divinam
1371 1343 1578 1428 παλινῳδίαν

459 1475 521 1550 (ib.
544 1472 626 1560 91).
650 1473 812 1542 Gnaeum
836 1481 1009 1557 nostrum,
1033 1471 1202 1560 collegam
1227 1470 1327 1539 Balbi
1350 1471 1433 1556 (vid.
1458 1472 1579 1557 Boot)

459 1597 579 1688 (12.1).
612 1597 752 1678 Quanto
775 1599 811 1666 in
837 1598 916 1666 odio
940 1601 1060 1665 noster
1083 1595 1235 1665 amicus!
1261 1595 1362 1664 cuius
1384 1616 1577 1684 cognomen

459 1743 531 1791 una
566 1743 647 1791 cum
683 1722 799 1792 Crassi
831 1721 954 1789 Divitis
986 1721 1193 1810 cognomine
1217 1721 1436 1789 consenescit
1459 1718 1578 1809 (13.2).

459 1845 556 1915 Nibil
579 1851 632 1915 est
655 1846 736 1930 iam,
761 1846 854 1935 qood
877 1847 988 1934 magis
1000 1845 1198 1914 timendum
1213 1844 1312 1913 nobis
1326 1851 1457 1934 putem,
1470 1866 1578 1934 quam

460 1991 505 2040 ue
528 1970 586 2038 ille
609 1978 729 2039 noster
753 1971 1065 2059 Sampsiceramus,
1092 1991 1173 2038 eum
1198 1989 1235 2036 se
1259 1969 1418 2038 omnium
1446 1989 1579 2039 sermo-

459 2095 565 2164 nibus
588 2097 716 2163 sentiet
741 2095 907 2185 vapulare
922 2145 930 2160 .
945 2146 952 2163 .
967 2147 995 2164 ..
1022 2115 1125 2163 ruere
1146 2094 1291 2183 incipiat
1307 2093 1424 2181 (11.1).
1438 2095 1579 2164 Gnaeus

460 2219 603 2310 quidem
640 2226 760 2288 noster
793 2220 862 2288 iam
899 2218 1003 2308 plane
1037 2219 1121 2308 quid
1157 2220 1285 2309 cogitet
1320 2222 1436 2290 neseio
1460 2220 1578 2309 (16.2).

460 2344 596 2413 Turbat
616 2343 938 2432 Sampsiceramum
961 2345 1048 2412 nibil
1072 2351 1135 2430 est,
1160 2345 1255 2433 quod
1280 2364 1349 2412 non
1381 2343 1577 2414 timendum

460 2470 522 2554 sit;
558 2467 822 2548 ὁμολογουμένως
848 2469 1030 2552 τυραννίδα
1058 2469 1288 2543 συσκευάζεται
1312 2467 1431 2556 (17.1).
1467 2469 1578 2537 Velim

460 2615 502 2662 ex
526 2595 739 2685 Theophane
763 2597 953 2685 expiscere,
977 2618 1131 2685 quonam
1157 2598 1192 2666 in
1219 2616 1274 2664 me
1298 2595 1416 2664 animo
1433 2595 1478 2662 sit
1490 2595 1579 2662 Ara-

460 2716 617 2788 barches.
642 2718 798 2799 Quaeres
821 2721 954 2790 seilicet
978 2725 1062 2784 κατὰ
1088 2724 1123 2784 τὸ
1150 2723 1363 2804 κηδεμονικὸν
1388 2726 1423 2789 et
1446 2718 1490 2787 ad
1523 2739 1579 2786 me

459 2841 505 2911 ab
539 2864 580 2912 eo
615 2847 716 2934 quasi
749 2845 921 2927 ὑποθήκας
952 2850 1102 2935 adferes,
1137 2870 1244 2939 quem
1280 2847 1323 2916 ad
1354 2845 1498 2935 modum
1524 2863 1579 2911 me

459 2987 591 3056 geram.
617 2969 757 3059 Aliquid
781 2993 824 3040 ex
848 2973 924 3042 eius
947 2994 1109 3042 sermone
1123 2976 1317 3064 poterimus
1330 2973 1401 3055 περὶ
1416 2977 1480 3034 τῶν
1493 2967 1578 3031 ὅλων

460 3093 630 3182 suspicari
654 3094 722 3179 (cf.
747 3095 760 3163 l
785 3096 871 3182 tal,
885 3119 993 3188 supra
1006 3120 1039 3189 p.
1051 3098 1119 3167 160
1130 3101 1198 3188 sq.)
1211 3099 1243 3190 (5
1255 3098 1303 3189 3).
1317 3098 1510 3188 Populares
1521 3095 1579 3164 isti

461 3217 532 3284 iam
564 3219 670 3287 etiam
695 3221 871 3290 modestos
895 3223 1054 3291 homines
1078 3224 1218 3292 sibilare
1242 3224 1440 3293 docuerunt
1463 3221 1578 3310 (moxz

461 3343 662 3426 „neminem
685 3351 807 3413 teuent
833 3345 959 3436 [Boot
983 3370 1046 3438 pro
1073 3349 1164 3438 vulg.
1183 3347 1296 3439 tenet]
1318 3348 1516 3430 voluntate3
1535 3365 1580 3412 ne

462 3473 557 3535 metu
599 3488 742 3538 necesse
777 3472 822 3539 sit
852 3472 896 3540 iis
928 3474 989 3554 uti,
1029 3473 1200 3562 vereor.’')
1235 3473 1434 3563 Pompeius,
1469 3469 1579 3539 nostri

460 3609 598 3658 amores
632 3597 733 3678 (once
769 3616 828 3684 my
864 3597 953 3665 beau
984 3597 1087 3683 ideal,
1122 3599 1321 3688 Tyrrell;
1349 3600 1394 3668 cf.
1418 3603 1578 3667 nostrum

460 3713 666 3805 Pompeium
702 3718 719 3809 5
753 3719 799 3805 3),
831 3721 924 3810 quod
949 3723 1035 3791 mibi
1060 3743 1199 3792 summo
1223 3722 1334 3792 dolori
1357 3728 1421 3807 est,
1444 3722 1519 3811 ipse
1542 3739 1579 3787 se

458 3839 582 3909 alilixit
604 3841 723 3932 (19.2).
748 3844 937 3935 Pompeius
960 3848 1135 3937 significat
1159 3849 1317 3917 studium
1341 3868 1425 3935 erga
1440 3865 1578 3913 menon

460 3964 651 4051 mediocre;
675 3968 769 4036 idem
793 3970 950 4039 affirmat
976 3971 1123 4041 verbum
1136 3973 1179 4041 de
1195 3993 1250 4041 me
1272 3972 1371 4040 illum
1386 3969 1578 4057 (Clodium)

458 4109 527 4158 non
551 4110 626 4158 esse
651 4090 847 4178 iacturum,
872 4096 908 4163 iu
933 4116 1003 4186 quo
1029 4118 1098 4166 non
1127 4117 1182 4165 me
1205 4097 1263 4165 ille
1288 4095 1387 4180 fallit,
1417 4094 1477 4163 sed
1505 4094 1579 4182 ipse

456 4213 591 4282 fallitur
633 4216 667 4307 (ὅ
708 4217 755 4306 4).
800 4218 989 4309 Pompeius
1024 4228 1121 4290 amat
1156 4242 1220 4291 nos
1255 4240 1426 4310 carosque
1461 4218 1578 4287 babet.

457 4337 633 4424 ,Credisl',
667 4343 816 4432 inquies.
840 4344 968 4415 Credo:
994 4367 1139 4436 prorsus
1166 4347 1251 4415 mibi
1275 4345 1474 4436 persuadet.
1510 4343 1578 4412 Sed

455 4463 540 4551 quia
579 4464 679 4554 volgo
715 4471 922 4557 pragmatici
958 4472 1137 4540 homiues.
1240 4491 1364 4540 cavere
1395 4469 1519 4540 iubent
1542 4474 1579 4535 et
