3778 5488
959 659 1027 728 Μ
1052 681 1053 686 x

472 858 595 947 Neque
632 880 714 928 cum
752 858 813 945 (ib.
851 856 947 927 1331
985 860 1051 946 sq.)
1075 859 1196 926 Getico
1220 877 1381 925 sermone
1405 856 1549 926 domum

426 989 613 1072 augustam
650 1003 686 1051 se
723 984 920 1053 celebrasse
955 983 1051 1056 dicit.
1086 982 1254 1051 Caesares
1288 983 1433 1050 iuvenes
1456 983 1549 1051 inter

426 1108 646 1177 immortales
670 1110 805 1198 recipit.

473 1232 576 1301 Hisce
613 1232 796 1312 libertatis
831 1252 875 1300 ne
913 1231 1027 1301 dicam
1065 1231 1262 1321 superbiae,
1295 1232 1403 1320 signis
1439 1231 1550 1320 magis

425 1357 615 1425 reconditis
640 1357 821 1444 multoque
847 1357 1033 1426 contrariis
1057 1356 1251 1424 rarioribus
1270 1360 1413 1424 autnon
1428 1356 1548 1424 obser·

427 1481 516 1548 vatis
557 1486 621 1548 aut
655 1481 867 1570 contemptis
902 1501 1025 1550 omnes
1059 1481 1182 1564 critici,
1217 1501 1369 1570 quorum
1405 1481 1547 1568 quidem

425 1603 554 1673 iudicia
580 1605 664 1672 mibi
688 1606 930 1690 innotuerunt,
958 1607 1074 1674 mirati
1095 1606 1137 1675 ad
1160 1613 1297 1674 tantam
1312 1605 1546 1674 bumilitatem

424 1736 631 1818 tantamque
656 1731 849 1820 nequitiam
876 1730 1040 1799 Ovidium
1066 1731 1249 1819 delapsum
1274 1749 1362 1811 esse,
1384 1731 1547 1820 propensi

425 1859 508 1922 sunt
531 1855 574 1923 ad
599 1855 814 1924 accusationi
836 1855 1032 1924 Victorii
1053 1854 1365 1925 subscribendum:
1379 1855 1548 1939 „Ovidius

426 1979 497 2048 vita
533 1988 569 2047 et
605 1979 762 2048 moribus
795 1983 1018 2049 enervatus”
1055 1980 1091 2050 Si
1125 1982 1206 2070 quis
1241 1986 1379 2069 poetam
1413 1979 1547 2049 abhoc

424 2105 582 2182 crimine,
618 2105 703 2195 quia
736 2105 907 2172 iniustum
944 2111 1054 2193 putet,
1089 2103 1278 2173 defendere
1304 2106 1397 2188 velit,
1422 2104 1547 2173 melius

426 2231 644 2319 propositum
670 2231 809 2318 assequi
836 2250 904 2298 non
930 2229 1058 2318 poterit
1082 2249 1189 2317 quam
1215 2229 1430 2298 instituenda
1449 2251 1547 2299 com·

424 2356 617 2442 paratione,
653 2372 744 2443 quae
778 2353 913 2422 fuerint
946 2360 1026 2421 acta
1060 2360 1095 2422 et
1127 2354 1221 2422 dicta
1245 2354 1399 2423 Senecae
1422 2355 1545 2434 exulis,

423 2479 480 2547 cui
515 2499 583 2545 non
620 2485 757 2548 tantum
794 2484 917 2568 poetae
952 2477 1013 2546 sed
1048 2478 1155 2545 etiam
1192 2476 1390 2567 philosophi
1415 2499 1543 2548 nomen

423 2603 594 2671 tuendum
619 2609 706 2671 erat.
730 2602 768 2670 ld
793 2602 887 2690 quod
911 2622 1140 2692 unaquoque,
1154 2603 1541 2690 quamvissatissecuri

422 2726 465 2794 de
488 2727 745 2796 existimatione
770 2727 952 2810 Ovidium,
965 2728 1145 2797 iaciemus.
1159 2727 1226 2796 Sed
1241 2728 1337 2816 prius
1349 2729 1544 2797 notandum

421 2858 484 2932 est,
510 2851 679 2920 Ovidium.
698 2872 769 2920 non
791 2859 931 2920 tantum
955 2852 1093 2921 exulem
1119 2852 1306 2942 imperium
1331 2859 1367 2920 et
1390 2859 1543 2941 potesta·

422 2985 492 3044 tom
539 2976 690 3064 Augusti
735 2976 941 3057 celebrasse,
987 2977 1047 3044 sed
1082 2977 1154 3045 iam
1189 2977 1354 3046 iuvenem
1390 2977 1543 3066 impera·

421 3102 547 3168 loriam
570 3099 717 3169 domum
742 3121 946 3191 numenque
970 3101 1172 3189 Augustum
1197 3100 1362 3170 laudibus
1377 3103 1543 3171 extulisse

420 3225 468 3315 (a.
511 3247 541 3294 a.
585 3226 600 3293 l
634 3224 699 3292 477
744 3245 831 3316 sqq,
876 3226 1050 3315 imprimis
1097 3225 1181 3294 203:
1218 3227 1407 3317 „Marsque
1444 3235 1544 3316 pater

423 3350 621 3438 Caesarque
657 3357 767 3439 pater,
802 3350 882 3418 date
918 3371 1049 3419 numen
1074 3351 1210 3436 eunti”)
1236 3351 1341 3441 idque
1364 3353 1481 3441 ipsum
1506 3354 1541 3420 in

424 3474 767 3563 Metamorphosibus
790 3474 977 3544 facientem
1003 3475 1119 3544 subita
1144 3475 1242 3545 clade
1266 3475 1434 3546 afflictum
1448 3497 1542 3546 esse:

582 3609 723 3669 Invenias
744 3609 835 3668 vestri
858 3611 1016 3687 praeconia
1037 3611 1166 3671 nominis
1186 3611 1247 3670 illic

621 3725 761 3784 Invenies
782 3724 874 3784 animi
897 3725 1024 3803 pignora
1048 3726 1143 3786 multa
1165 3727 1230 3786 moi.

1250 3826 1311 3900 (Tr.
1333 3826 1365 3884 11
1387 3826 1425 3884 65
1446 3830 1503 3905 eq.)

580 3937 723 4016 Aspicies,
744 3943 889 4014 quantum
911 3938 1029 4000 dederis
1051 3940 1124 3999 mibi
1145 3941 1272 4019 pectoris
1292 3942 1365 4019 ipae,

620 4053 744 4130 Quoque
764 4052 868 4114 farore
888 4057 981 4115 animi
1003 4061 1094 4135 teque
1116 4063 1243 4135 tuosque
1265 4075 1380 4118 cauam.

1292 4173 1343 4246 (ib.
1365 4172 1422 4232 ool
1445 4177 1502 4251 sq.)

470 4246 700 4317 Conferatur:

580 4355 644 4414 Hoc
665 4355 740 4415 duce
760 4357 785 4415 si
807 4356 871 4415 dixi
892 4355 991 4416 felicia
1010 4359 1129 4419 saeeula
1147 4377 1259 4438 proque
