3792 5486
871 702 939 770 135

348 903 507 972 referret.
531 902 734 971 Ciceronem
760 921 900 990 quoque
920 900 1075 990 aliquam
1090 901 1315 969 fortunarum
1329 904 1464 988 partem

349 1028 398 1095 sio
421 1026 487 1094 sihi
512 1027 688 1116 paravisse
715 1025 1004 1093 verisimillimum
1030 1030 1093 1092 est.
1118 1024 1341 1113 Quamquam
1359 1024 1466 1091 huius

349 1152 571 1221 coniecturae
592 1157 842 1240 argumentum
856 1169 925 1217 non
939 1156 993 1216 est
1004 1148 1064 1217 illa
1077 1151 1120 1216 de
1132 1148 1229 1217 libris
1242 1170 1263 1216 a
1276 1148 1312 1216 L.
1326 1148 1465 1237 Papirio

350 1276 455 1345 Paeto
490 1276 649 1347 Ciceroni
673 1276 765 1343 datis
788 1275 944 1343 narratio
968 1273 1035 1360 (Ct'.
1063 1273 1294 1342 Drumann
1320 1272 1364 1341 Vl
1389 1270 1466 1352 382,

351 1401 553 1469 Boissier
599 1400 669 1470 Cic.
705 1421 737 1490 p.
772 1397 843 1487 87),
879 1420 960 1467 nam
998 1399 1119 1481 „there
1156 1399 1187 1467 is
1221 1418 1266 1465 no
1300 1396 1466 1466 evidence

349 1525 426 1593 that
460 1523 582 1593 Cicero
618 1543 700 1592 ever
735 1523 835 1592 acted
872 1543 911 1590 as
945 1522 1113 1592 advocate
1149 1523 1205 1592 for
1228 1521 1400 1611 Papirius,
1421 1521 1466 1591 So

349 1649 409 1717 the
433 1629 574 1717 remark
610 1669 691 1737 may
727 1648 769 1717 be
805 1647 938 1736 merely
973 1647 1108 1737 playful
1131 1687 1175 1698 -—
1199 1669 1220 1716 a
1244 1645 1467 1716 coincidence

350 1774 389 1842 oi
420 1794 524 1842 name
559 1774 595 1840 in
632 1774 692 1841 the
727 1772 842 1842 friend
878 1773 918 1842 of
950 1773 1088 1841 Atticus
1124 1771 1290 1860 recalling
1325 1771 1385 1839 the
1411 1770 1467 1839 old

350 1897 430 1966 Law
466 1897 665 1987 (Tyrrell
702 1897 746 1965 ad
782 1897 854 1965 Att.
890 1896 904 1965 l
939 1896 1109 1985 20.7)”1).
1149 1896 1225 1965 Non
1263 1905 1381 1964 tamen
1406 1895 1469 1962 uni

350 2022 495 2091 clientes
542 2023 602 2110 qui
643 2022 796 2106 fuerant,
831 2023 891 2090 sed
927 2023 1033 2090 etiarn
1068 2023 1229 2090 homiues
1264 2022 1320 2088 vix
1355 2026 1391 2088 et
1425 2041 1469 2087 ne

351 2146 406 2214 vix
440 2148 582 2235 quidem
619 2147 692 2215 noti
723 2148 806 2214 viris
828 2147 862 2216 in
889 2167 927 2214 re
952 2146 1092 2235 publica
1116 2145 1330 2235 primoribus
1354 2143 1470 2233 legare

350 2270 520 2339 solebant.
568 2270 831 2339 Hereditatibus
865 2270 986 2340 Cicero
1020 2272 1094 2359 ipse
1129 2270 1213 2339 dicit
1248 2289 1285 2338 se
1319 2269 1471 2357 amplius

350 2397 551 2464 sestertium
575 2396 782 2465 ducentiens
805 2403 991 2490 acceptum
1016 2395 1192 2464 rettulisse
1216 2394 1320 2482 (Phil.
1344 2393 1375 2462 Il
1400 2392 1471 2482 lo),

351 2522 415 2590 hoo
451 2521 584 2590 addens
608 2521 783 2589 neminem
810 2521 877 2588 nisi
900 2521 1053 2589 amicum
1080 2519 1245 2588 heredem
1270 2538 1306 2586 se
1329 2517 1472 2602 fecisse3

350 2645 444 2732 quod
477 2651 595 2713 autem
621 2646 853 2734 premendum
878 2665 949 2713 non
974 2651 1044 2713 est:
1069 2644 1208 2714 difficile
1233 2644 1327 2712 enim
1352 2649 1406 2711 est
1429 2631 1472 2711 ad

350 2768 566 2838 credendum
602 2770 734 2838 amicos
769 2769 888 2848 luisse,
913 2790 1065 2858 quorum
1090 2790 1134 2837 ne
1159 2769 1302 2837 nomina
1326 2768 1468 2856 quidem

351 2894 465 2961 dicere
508 2914 635 2982 operae
678 2894 831 2983 pretium
866 2892 1049 2974 iudicaret,
1084 2912 1165 2962 cum
1201 2893 1316 2982 legata
1349 2893 1394 2961 ab
1428 2893 1471 2960 iis

350 3019 543 3106 accepisset
585 3019 642 3104 (ad
687 3019 711 3086 f.
755 3017 817 3087 Vll
852 3017 918 3101 at,
953 3018 996 3086 ad
1032 3018 1104 3087 Att.
1140 3018 1188 3085 Xl
1222 3018 1287 3100 21,
1325 3017 1470 3085 Drum.

352 3141 397 3209 Vl
420 3141 514 3230 383).
537 3142 600 3210 Ille
623 3143 702 3211 fons
730 3143 986 3211 videturfuisse
1000 3141 1201 3211 uberrimus
1213 3163 1255 3210 ex
1268 3163 1338 3230 quo
1351 3142 1472 3212 Cicero

353 3266 480 3346 hausit,
517 3273 556 3335 ut
583 3268 784 3357 sumptibus
809 3268 882 3336 suis
905 3287 1009 3356 saepe
1033 3265 1153 3335 effusis
1176 3267 1403 3351 satisfaceret,
1429 3287 1473 3334 ne

352 3391 482 3458 nostris
516 3391 658 3481 quidem
697 3391 853 3460 moribus
885 3391 1117 3473 damnandus,
1142 3392 1252 3480 ipsius
1277 3411 1357 3459 vero
1382 3400 1473 3460 tem·

355 3515 498 3603 poribus
526 3514 629 3604 plane
655 3518 833 3585 honestus.
856 3517 919 3584 Est
942 3522 1060 3584 tamen
1086 3516 1154 3585 alia
1181 3517 1234 3584 via
1257 3537 1328 3606 qua
1352 3516 1473 3586 Cicero

350 3638 394 3706 ad
421 3639 606 3727 pecuniam
631 3640 908 3728 conquirendam
933 3661 1019 3710 usus
1042 3646 1106 3725 est,
1129 3661 1237 3729 quam
1253 3643 1343 3710 viam
1359 3662 1473 3711 mores

391 3820 420 3894 l)
461 3819 541 3889 Quae
563 3817 674 3879 Gellius
696 3826 791 3879 narrat
812 3819 847 3880 de
871 3819 980 3880 mutuis
1002 3839 1018 3880 a
1038 3818 1066 3878 P.
1081 3817 1160 3880 Sulla
1173 3818 1296 3899 acceptis
1307 3818 1472 3880 sestertium

351 3933 468 4004 viciens,
499 3933 608 4012 quihus
640 3935 759 3996 domum
792 3936 822 3996 in
856 3935 964 3996 Palatio
994 3945 1110 4005 emeret,
1132 3935 1157 3996 si
1179 3953 1328 4015 comparas
1349 3954 1416 3996 cum
1438 3935 1472 3996 ad

353 4049 410 4110 lo.
443 4049 455 4109 l
488 4053 565 4121 l3.6‚
598 4050 653 4111 fide
682 4050 797 4131 indigua
819 4051 953 4113 videntur
976 4052 1171 4131 (Cuchevel
1194 4052 1206 4112 l
1228 4069 1255 4131 p.
1278 4053 1337 4112 290
1357 4069 1423 4112 ann.
1446 4055 1474 4123 l,

352 4164 521 4227 Schmidt
554 4167 646 4228 Briele
679 4167 792 4229 Ciceros
825 4168 835 4228 l
867 4169 939 4229 'lext
966 4186 993 4248 p.
1017 4171 1075 4241 36).
1099 4167 1274 4229 Conlerenda
1296 4166 1382 4228 etiam
1404 4176 1474 4229 sunt

353 4279 388 4342 ad
417 4284 435 4341 l.
458 4281 481 4341 V
504 4285 568 4344 62:
591 4283 748 4360 „emi....
770 4284 969 4344 domum...
994 4284 1089 4363 itaque
1113 4301 1190 4344 nunc
1211 4301 1256 4343 me
1277 4282 1473 4344 scitotantnm

357 4398 462 4460 hahere
483 4398 557 4460 aeris
578 4399 675 4470 alieni,
698 4409 727 4460 ut
749 4399 864 4479 cupiam
886 4399 1067 4461 coniurare.”
