<?xml version="1.0" encoding="UTF-8"?>
<!DOCTYPE html PUBLIC "-//W3C//DTD XHTML 1.0 Transitional//EN"
    "http://www.w3.org/TR/xhtml1/DTD/xhtml1-transitional.dtd">
<html xmlns="http://www.w3.org/1999/xhtml" xml:lang="en" lang="en">
 <head>
  <title>
</title>
<meta http-equiv="Content-Type" content="text/html;charset=utf-8" />
  <meta name='ocr-system' content='tesseract 3.04.00' />
  <meta name='ocr-capabilities' content='ocr_page ocr_carea ocr_par ocr_line ocrx_word'/>
</head>
<body>
  <div class='ocr_page' id='page_1' title='image "./exulumtriassive00leopgoog_0214.png"; bbox 0 0 3778 5488; ppageno 0'>
   <div class='ocr_carea' id='block_1_1' title="bbox 906 637 969 706">
    <p class='ocr_par' dir='ltr' id='par_1_1' title="bbox 906 637 969 706">
     <span class='ocr_line' id='line_1_1' title="bbox 906 637 969 706; baseline -0.016 0"><span class='ocrx_word' id='word_1_1' title='bbox 906 637 969 706; x_wconf 77' lang='lat'><strong>201</strong></span> 
     </span>
    </p>
   </div>
   <div class='ocr_carea' id='block_1_2' title="bbox 415 833 1457 1604">
    <p class='ocr_par' dir='ltr' id='par_1_2' title="bbox 415 833 1457 1604">
     <span class='ocr_line' id='line_1_2' title="bbox 416 833 1456 913; baseline 0.004 -21"><span class='ocrx_word' id='word_1_2' title='bbox 416 833 502 893; x_wconf 86' lang='lat' dir='ltr'><strong>Hane</strong></span> <span class='ocrx_word' id='word_1_3' title='bbox 522 834 717 908; x_wconf 88' lang='lat' dir='ltr'><strong>(anxietatem</strong></span> <span class='ocrx_word' id='word_1_4' title='bbox 739 835 845 910; x_wconf 86' lang='lat' dir='ltr'><strong>animi)</strong></span> <span class='ocrx_word' id='word_1_5' title='bbox 865 835 922 894; x_wconf 89' lang='lat' dir='ltr'><strong>niai</strong></span> <span class='ocrx_word' id='word_1_6' title='bbox 944 840 977 894; x_wconf 85' lang='lat' dir='ltr'><strong>tu</strong></span> <span class='ocrx_word' id='word_1_7' title='bbox 999 835 1110 913; x_wconf 88' lang='lat' dir='ltr'><strong>paritor</strong></span> <span class='ocrx_word' id='word_1_8' title='bbox 1130 854 1196 894; x_wconf 86' lang='lat' dir='ltr'><strong>curn</strong></span> <span class='ocrx_word' id='word_1_9' title='bbox 1218 834 1311 894; x_wconf 87' lang='lat' dir='ltr'><strong>lratro</strong></span> <span class='ocrx_word' id='word_1_10' title='bbox 1332 836 1456 913; x_wconf 82' lang='lat' dir='ltr'><strong>lerarea,</strong></span> 
     </span>
     <span class='ocr_line' id='line_1_3' title="bbox 455 949 1149 1011; baseline 0.003 -3"><span class='ocrx_word' id='word_1_11' title='bbox 455 949 518 1009; x_wconf 85' lang='lat' dir='ltr'><strong>Vix</strong></span> <span class='ocrx_word' id='word_1_12' title='bbox 540 967 624 1009; x_wconf 87' lang='lat' dir='ltr'><strong>mona</strong></span> <span class='ocrx_word' id='word_1_13' title='bbox 645 951 786 1010; x_wconf 74' lang='lat' dir='ltr'><strong>tristitiae</strong></span> <span class='ocrx_word' id='word_1_14' title='bbox 807 955 908 1011; x_wconf 89' lang='lat' dir='ltr'><strong>noatra</strong></span> <span class='ocrx_word' id='word_1_15' title='bbox 929 950 1046 1010; x_wconf 85' lang='lat' dir='ltr'><strong>loliaaet</strong></span> <span class='ocrx_word' id='word_1_16' title='bbox 1065 968 1149 1010; x_wconf 90' lang='lat' dir='ltr'><strong>onua.</strong></span> 
     </span>
     <span class='ocr_line' id='line_1_4' title="bbox 416 1064 1131 1145; baseline 0.003 -21"><span class='ocrx_word' id='word_1_17' title='bbox 416 1066 477 1125; x_wconf 83' lang='lat' dir='ltr'><strong>Voa</strong></span> <span class='ocrx_word' id='word_1_18' title='bbox 498 1066 569 1125; x_wconf 85' lang='lat' dir='ltr'><strong>ealia</strong></span> <span class='ocrx_word' id='word_1_19' title='bbox 590 1064 685 1126; x_wconf 85' lang='lat' dir='ltr'><strong>lracto</strong></span> <span class='ocrx_word' id='word_1_20' title='bbox 706 1065 795 1126; x_wconf 89' lang='lat' dir='ltr'><strong>tellua</strong></span> <span class='ocrx_word' id='word_1_21' title='bbox 816 1085 875 1126; x_wconf 93' lang='lat' dir='ltr'><strong>non</strong></span> <span class='ocrx_word' id='word_1_22' title='bbox 897 1066 973 1126; x_wconf 86' lang='lat' dir='ltr'><strong>dura</strong></span> <span class='ocrx_word' id='word_1_23' title='bbox 993 1066 1131 1145; x_wconf 76' lang='lat' dir='ltr'><strong>phaselo:</strong></span> 
     </span>
     <span class='ocr_line' id='line_1_5' title="bbox 455 1182 1216 1260; baseline 0.001 -20"><span class='ocrx_word' id='word_1_24' title='bbox 455 1182 612 1259; x_wconf 85' lang='lat' dir='ltr'><strong>Quamque</strong></span> <span class='ocrx_word' id='word_1_25' title='bbox 632 1187 745 1260; x_wconf 79' lang='lat' dir='ltr'><strong>negant</strong></span> <span class='ocrx_word' id='word_1_26' title='bbox 765 1182 827 1259; x_wconf 90' lang='lat' dir='ltr'><strong>alii,</strong></span> <span class='ocrx_word' id='word_1_27' title='bbox 849 1201 902 1242; x_wconf 81' lang='lat' dir='ltr'><strong>roa</strong></span> <span class='ocrx_word' id='word_1_28' title='bbox 922 1182 996 1242; x_wconf 86' lang='lat' dir='ltr'><strong>mihi</strong></span> <span class='ocrx_word' id='word_1_29' title='bbox 1018 1182 1102 1242; x_wconf 78' lang='lat' dir='ltr'><strong>lertio</strong></span> <span class='ocrx_word' id='word_1_30' title='bbox 1122 1201 1216 1260; x_wconf 88' lang='lat' dir='ltr'><strong>opem.</strong></span> 
     </span>
     <span class='ocr_line' id='line_1_6' title="bbox 415 1297 1286 1376; baseline 0 -20"><span class='ocrx_word' id='word_1_31' title='bbox 415 1297 514 1367; x_wconf 73' lang='lat' dir='ltr'><strong>Ferte,</strong></span> <span class='ocrx_word' id='word_1_32' title='bbox 536 1315 649 1375; x_wconf 87' lang='lat' dir='ltr'><strong>precor,</strong></span> <span class='ocrx_word' id='word_1_33' title='bbox 671 1315 797 1376; x_wconf 77' lang='lat' dir='ltr'><strong>compar,</strong></span> <span class='ocrx_word' id='word_1_34' title='bbox 819 1299 891 1375; x_wconf 83' lang='lat' dir='ltr'><strong>qnia</strong></span> <span class='ocrx_word' id='word_1_35' title='bbox 911 1315 1029 1376; x_wconf 75' lang='lat' dir='ltr'><strong>sempor</strong></span> <span class='ocrx_word' id='word_1_36' title='bbox 1048 1298 1203 1376; x_wconf 76' lang='lat' dir='ltr'><strong>agehimna</strong></span> <span class='ocrx_word' id='word_1_37' title='bbox 1225 1297 1286 1375; x_wconf 87' lang='lat' dir='ltr'><strong>illa,</strong></span> 
     </span>
     <span class='ocr_line' id='line_1_7' title="bbox 454 1411 1169 1474; baseline -0.003 0"><span class='ocrx_word' id='word_1_38' title='bbox 454 1412 590 1474; x_wconf 82' lang='lat' dir='ltr'><strong>anaaria</strong></span> <span class='ocrx_word' id='word_1_39' title='bbox 611 1411 758 1472; x_wconf 77' lang='lat' dir='ltr'><strong>offensum</strong></span> <span class='ocrx_word' id='word_1_40' title='bbox 781 1413 851 1473; x_wconf 85' lang='lat' dir='ltr'><strong>dnm</strong></span> <span class='ocrx_word' id='word_1_41' title='bbox 876 1413 949 1473; x_wconf 89' lang='lat' dir='ltr'><strong>mihi</strong></span> <span class='ocrx_word' id='word_1_42' title='bbox 970 1432 1080 1474; x_wconf 86' lang='lat' dir='ltr'><strong>numen</strong></span> <span class='ocrx_word' id='word_1_43' title='bbox 1102 1414 1169 1473; x_wconf 89' lang='lat' dir='ltr'><strong>erit.</strong></span> 
     </span>
     <span class='ocr_line' id='line_1_8' title="bbox 1249 1533 1457 1604; baseline 0.005 -16"><span class='ocrx_word' id='word_1_44' title='bbox 1249 1535 1304 1604; x_wconf 84' lang='lat' dir='ltr'><strong>(ra.</strong></span> <span class='ocrx_word' id='word_1_45' title='bbox 1327 1533 1457 1604; x_wconf 74' lang='lat'>37-42)</span> 
     </span>
    </p>
   </div>
   <div class='ocr_carea' id='block_1_3' title="bbox 372 1688 1496 2280">
    <p class='ocr_par' dir='ltr' id='par_1_3' title="bbox 372 1688 1496 2280">
     <span class='ocr_line' id='line_1_9' title="bbox 418 1688 1496 1776; baseline 0 -18"><span class='ocrx_word' id='word_1_46' title='bbox 418 1690 541 1758; x_wconf 81' lang='lat' dir='ltr'><strong>Frater</strong></span> <span class='ocrx_word' id='word_1_47' title='bbox 588 1689 703 1759; x_wconf 82' lang='lat' dir='ltr'><strong>Flacci</strong></span> <span class='ocrx_word' id='word_1_48' title='bbox 745 1695 822 1757; x_wconf 88' lang='lat' dir='ltr'><strong>erat</strong></span> <span class='ocrx_word' id='word_1_49' title='bbox 856 1689 893 1758; x_wconf 84' lang='lat' dir='ltr'><strong>C.</strong></span> <span class='ocrx_word' id='word_1_50' title='bbox 930 1688 1206 1776; x_wconf 87' lang='lat' dir='ltr'><strong>Pomponius</strong></span> <span class='ocrx_word' id='word_1_51' title='bbox 1240 1689 1496 1759; x_wconf 84' lang='lat' dir='ltr'><strong>Graecinus</strong></span> 
     </span>
     <span class='ocr_line' id='line_1_10' title="bbox 373 1813 1495 1904; baseline 0 -22"><span class='ocrx_word' id='word_1_52' title='bbox 373 1835 527 1904; x_wconf 90' lang='lat' dir='ltr'><strong>quocum</strong></span> <span class='ocrx_word' id='word_1_53' title='bbox 565 1814 688 1884; x_wconf 85' lang='lat' dir='ltr'><strong>Ovidio</strong></span> <span class='ocrx_word' id='word_1_54' title='bbox 724 1814 792 1882; x_wconf 89' lang='lat' dir='ltr'><strong>iam</strong></span> <span class='ocrx_word' id='word_1_55' title='bbox 829 1815 949 1882; x_wconf 89' lang='lat' dir='ltr'><strong>iuveni</strong></span> <span class='ocrx_word' id='word_1_56' title='bbox 980 1814 1200 1882; x_wconf 82' lang='lat' dir='ltr'><strong>familiaritas</strong></span> <span class='ocrx_word' id='word_1_57' title='bbox 1223 1813 1331 1882; x_wconf 84' lang='lat' dir='ltr'><strong>fuisse</strong></span> <span class='ocrx_word' id='word_1_58' title='bbox 1356 1814 1495 1882; x_wconf 82' lang='lat' dir='ltr'><strong>videtur·</strong></span> 
     </span>
     <span class='ocr_line' id='line_1_11' title="bbox 373 1937 1495 2030; baseline -0.003 -21"><span class='ocrx_word' id='word_1_59' title='bbox 373 1942 457 2029; x_wconf 87' lang='lat' dir='ltr'><strong>(arn.</strong></span> <span class='ocrx_word' id='word_1_60' title='bbox 486 1939 611 2030; x_wconf 82' lang='lat'>1110).</span> <span class='ocrx_word' id='word_1_61' title='bbox 638 1940 764 2009; x_wconf 89' lang='lat' dir='ltr'><strong>Modus</strong></span> <span class='ocrx_word' id='word_1_62' title='bbox 785 1944 917 2022; x_wconf 88' lang='lat' dir='ltr'><strong>autem,</strong></span> <span class='ocrx_word' id='word_1_63' title='bbox 940 1959 1010 2028; x_wconf 92' lang='lat' dir='ltr'><strong>quo</strong></span> <span class='ocrx_word' id='word_1_64' title='bbox 1034 1937 1205 2006; x_wconf 83' lang='lat' dir='ltr'><strong>auxilium</strong></span> <span class='ocrx_word' id='word_1_65' title='bbox 1228 1940 1304 2006; x_wconf 91' lang='lat' dir='ltr'><strong>eius</strong></span> <span class='ocrx_word' id='word_1_66' title='bbox 1328 1938 1495 2027; x_wconf 88' lang='lat' dir='ltr'><strong>implorat</strong></span> 
     </span>
     <span class='ocr_line' id='line_1_12' title="bbox 376 2063 1492 2156; baseline -0.001 -22"><span class='ocrx_word' id='word_1_67' title='bbox 376 2071 490 2156; x_wconf 88' lang='lat' dir='ltr'><strong>poeta,</strong></span> <span class='ocrx_word' id='word_1_68' title='bbox 523 2067 604 2134; x_wconf 90' lang='lat' dir='ltr'><strong>talis</strong></span> <span class='ocrx_word' id='word_1_69' title='bbox 627 2071 691 2150; x_wconf 88' lang='lat' dir='ltr'><strong>est,</strong></span> <span class='ocrx_word' id='word_1_70' title='bbox 716 2070 754 2133; x_wconf 90' lang='lat' dir='ltr'><strong>ut</strong></span> <span class='ocrx_word' id='word_1_71' title='bbox 778 2069 948 2152; x_wconf 84' lang='lat' dir='ltr'><strong>appareat</strong></span> <span class='ocrx_word' id='word_1_72' title='bbox 971 2063 1184 2132; x_wconf 88' lang='lat' dir='ltr'><strong>adulationis</strong></span> <span class='ocrx_word' id='word_1_73' title='bbox 1207 2065 1318 2154; x_wconf 82' lang='lat' dir='ltr'><strong>magis</strong></span> <span class='ocrx_word' id='word_1_74' title='bbox 1341 2063 1492 2134; x_wconf 85' lang='lat' dir='ltr'><strong>etofficii</strong></span> 
     </span>
     <span class='ocr_line' id='line_1_13' title="bbox 372 2188 1493 2280; baseline -0.001 -22"><span class='ocrx_word' id='word_1_75' title='bbox 372 2193 488 2280; x_wconf 83' lang='lat' dir='ltr'><strong>gratia</strong></span> <span class='ocrx_word' id='word_1_76' title='bbox 510 2211 591 2260; x_wconf 87' lang='lat' dir='ltr'><strong>eum</strong></span> <span class='ocrx_word' id='word_1_77' title='bbox 616 2199 776 2280; x_wconf 83' lang='lat' dir='ltr'><strong>rogatum</strong></span> <span class='ocrx_word' id='word_1_78' title='bbox 802 2209 888 2269; x_wconf 87' lang='lat' dir='ltr'><strong>esse,</strong></span> <span class='ocrx_word' id='word_1_79' title='bbox 901 2209 1008 2278; x_wconf 87' lang='lat' dir='ltr'><strong>quam</strong></span> <span class='ocrx_word' id='word_1_80' title='bbox 1021 2189 1114 2278; x_wconf 87' lang='lat' dir='ltr'><strong>quod</strong></span> <span class='ocrx_word' id='word_1_81' title='bbox 1128 2188 1209 2257; x_wconf 86' lang='lat' dir='ltr'><strong>inde</strong></span> <span class='ocrx_word' id='word_1_82' title='bbox 1223 2196 1326 2277; x_wconf 85' lang='lat' dir='ltr'><strong>poeta</strong></span> <span class='ocrx_word' id='word_1_83' title='bbox 1338 2189 1493 2258; x_wconf 85' lang='lat' dir='ltr'><strong>fructum</strong></span> 
     </span>
    </p>
   </div>
   <div class='ocr_carea' id='block_1_4' title="bbox 372 2313 1493 2529">
    <p class='ocr_par' dir='ltr' id='par_1_4' title="bbox 372 2313 1493 2529">
     <span class='ocr_line' id='line_1_14' title="bbox 372 2313 1493 2405; baseline -0.001 -21"><span class='ocrx_word' id='word_1_84' title='bbox 372 2315 525 2404; x_wconf 86' lang='lat' dir='ltr'><strong>aliquem</strong></span> <span class='ocrx_word' id='word_1_85' title='bbox 562 2335 599 2383; x_wconf 90' lang='lat' dir='ltr'><strong>se</strong></span> <span class='ocrx_word' id='word_1_86' title='bbox 624 2322 872 2405; x_wconf 84' lang='lat' dir='ltr'><strong>percepturum</strong></span> <span class='ocrx_word' id='word_1_87' title='bbox 898 2321 1057 2404; x_wconf 87' lang='lat' dir='ltr'><strong>speraret</strong></span> <span class='ocrx_word' id='word_1_88' title='bbox 1079 2313 1215 2402; x_wconf 87' lang='lat' dir='ltr'><strong>(Koch</strong></span> <span class='ocrx_word' id='word_1_89' title='bbox 1241 2334 1296 2402; x_wconf 86' lang='lat' dir='ltr'><strong>ap.</strong></span> <span class='ocrx_word' id='word_1_90' title='bbox 1322 2313 1454 2383; x_wconf 88' lang='lat' dir='ltr'><strong>Owen</strong></span> <span class='ocrx_word' id='word_1_91' title='bbox 1478 2315 1493 2383; x_wconf 93' lang='lat' dir='ltr'>I</span> 
     </span>
     <span class='ocr_line' id='line_1_15' title="bbox 378 2439 617 2529; baseline -0.004 -21"><span class='ocrx_word' id='word_1_92' title='bbox 378 2462 410 2529; x_wconf 91' lang='lat' dir='ltr'><strong>p.</strong></span> <span class='ocrx_word' id='word_1_93' title='bbox 436 2439 617 2526; x_wconf 86' lang='lat' dir='ltr'>XXXIX):</span> 
     </span>
    </p>
   </div>
   <div class='ocr_carea' id='block_1_5' title="bbox 408 2609 1491 4308">
    <p class='ocr_par' dir='ltr' id='par_1_5' title="bbox 408 2609 1491 4308">
     <span class='ocr_line' id='line_1_16' title="bbox 415 2609 1398 2689; baseline 0 -21"><span class='ocrx_word' id='word_1_94' title='bbox 415 2611 455 2669; x_wconf 82' lang='lat' dir='ltr'><strong>At</strong></span> <span class='ocrx_word' id='word_1_95' title='bbox 476 2628 564 2681; x_wconf 89' lang='lat' dir='ltr'><strong>nnnc,</strong></span> <span class='ocrx_word' id='word_1_96' title='bbox 586 2609 665 2688; x_wconf 84' lang='lat' dir='ltr'><strong>qnod</strong></span> <span class='ocrx_word' id='word_1_97' title='bbox 686 2615 830 2689; x_wconf 86' lang='lat' dir='ltr'><strong>anpercat,</strong></span> <span class='ocrx_word' id='word_1_98' title='bbox 853 2609 899 2668; x_wconf 88' lang='lat' dir='ltr'><strong>ler</strong></span> <span class='ocrx_word' id='word_1_99' title='bbox 918 2628 1014 2687; x_wconf 88' lang='lat' dir='ltr'><strong>opern,</strong></span> <span class='ocrx_word' id='word_1_100' title='bbox 1037 2627 1149 2687; x_wconf 86' lang='lat' dir='ltr'><strong>precor,</strong></span> <span class='ocrx_word' id='word_1_101' title='bbox 1170 2610 1288 2669; x_wconf 86' lang='lat' dir='ltr'><strong>eminna</strong></span> <span class='ocrx_word' id='word_1_102' title='bbox 1308 2628 1398 2670; x_wconf 89' lang='lat' dir='ltr'><strong>unam</strong></span> 
     </span>
     <span class='ocr_line' id='line_1_17' title="bbox 451 2725 1167 2804; baseline -0.004 -19"><span class='ocrx_word' id='word_1_103' title='bbox 451 2725 659 2804; x_wconf 83' lang='lat' dir='ltr'><strong>Adloqaioqne</strong></span> <span class='ocrx_word' id='word_1_104' title='bbox 681 2726 753 2786; x_wconf 86' lang='lat' dir='ltr'><strong>iura</strong></span> <span class='ocrx_word' id='word_1_105' title='bbox 774 2734 892 2804; x_wconf 86' lang='lat' dir='ltr'><strong>pectora</strong></span> <span class='ocrx_word' id='word_1_106' title='bbox 914 2732 1015 2786; x_wconf 88' lang='lat' dir='ltr'><strong>noatra</strong></span> <span class='ocrx_word' id='word_1_107' title='bbox 1036 2731 1088 2785; x_wconf 90' lang='lat' dir='ltr'><strong>tno</strong></span> <span class='ocrx_word' id='word_1_108' title='bbox 1100 2771 1107 2783; x_wconf 92' lang='lat'><em>.</em></span> <span class='ocrx_word' id='word_1_109' title='bbox 1121 2773 1126 2785; x_wconf 95' lang='lat'><em>.</em></span> <span class='ocrx_word' id='word_1_110' title='bbox 1141 2769 1167 2784; x_wconf 91' lang='lat'><strong>..</strong></span> 
     </span>
     <span class='ocr_line' id='line_1_18' title="bbox 411 2841 1464 2921; baseline 0.002 -21"><span class='ocrx_word' id='word_1_111' title='bbox 411 2841 469 2911; x_wconf 89' lang='lat' dir='ltr'><strong>Qui</strong></span> <span class='ocrx_word' id='word_1_112' title='bbox 490 2841 659 2919; x_wconf 75' lang='lat' dir='ltr'><strong>(hagnatua</strong></span> <span class='ocrx_word' id='word_1_113' title='bbox 679 2841 765 2914; x_wconf 85' lang='lat' dir='ltr'><strong>dena)</strong></span> <span class='ocrx_word' id='word_1_114' title='bbox 786 2860 823 2901; x_wconf 90' lang='lat' dir='ltr'><strong>ne</strong></span> <span class='ocrx_word' id='word_1_115' title='bbox 845 2841 973 2901; x_wconf 87' lang='lat' dir='ltr'><strong>difficilia</strong></span> <span class='ocrx_word' id='word_1_116' title='bbox 995 2841 1066 2900; x_wconf 89' lang='lat' dir='ltr'><strong>mihi</strong></span> <span class='ocrx_word' id='word_1_117' title='bbox 1089 2843 1137 2917; x_wconf 87' lang='lat' dir='ltr'><strong>ait,</strong></span> <span class='ocrx_word' id='word_1_118' title='bbox 1158 2841 1313 2918; x_wconf 84' lang='lat' dir='ltr'><strong>Graecina,</strong></span> <span class='ocrx_word' id='word_1_119' title='bbox 1335 2861 1464 2921; x_wconf 87' lang='lat' dir='ltr'><strong>precare,</strong></span> 
     </span>
     <span class='ocr_line' id='line_1_19' title="bbox 452 2956 1225 3035; baseline 0.001 -20"><span class='ocrx_word' id='word_1_120' title='bbox 452 2956 563 3016; x_wconf 81' lang='lat' dir='ltr'><strong>Oonler</strong></span> <span class='ocrx_word' id='word_1_121' title='bbox 581 2962 611 3016; x_wconf 92' lang='lat' dir='ltr'><strong>et</strong></span> <span class='ocrx_word' id='word_1_122' title='bbox 633 2957 663 3016; x_wconf 93' lang='lat' dir='ltr'><strong>in</strong></span> <span class='ocrx_word' id='word_1_123' title='bbox 686 2963 788 3017; x_wconf 87' lang='lat' dir='ltr'><strong>roturn</strong></span> <span class='ocrx_word' id='word_1_124' title='bbox 810 2962 842 3017; x_wconf 86' lang='lat' dir='ltr'><strong>tn</strong></span> <span class='ocrx_word' id='word_1_125' title='bbox 864 2975 983 3035; x_wconf 88' lang='lat' dir='ltr'><strong>qnoque</strong></span> <span class='ocrx_word' id='word_1_126' title='bbox 1004 2957 1096 3016; x_wconf 86' lang='lat' dir='ltr'><strong>rerba</strong></span> <span class='ocrx_word' id='word_1_127' title='bbox 1117 2975 1225 3017; x_wconf 88' lang='lat' dir='ltr'><strong>meum.</strong></span> 
     </span>
     <span class='ocr_line' id='line_1_20' title="bbox 1006 3072 1454 3152; baseline 0.009 -22"><span class='ocrx_word' id='word_1_128' title='bbox 1006 3077 1057 3147; x_wconf 85' lang='lat' dir='ltr'><strong>(ex</strong></span> <span class='ocrx_word' id='word_1_129' title='bbox 1078 3072 1111 3131; x_wconf 92' lang='lat' dir='ltr'><strong>P.</strong></span> <span class='ocrx_word' id='word_1_130' title='bbox 1134 3073 1148 3131; x_wconf 96' lang='lat' dir='ltr'>I</span> <span class='ocrx_word' id='word_1_131' title='bbox 1171 3076 1239 3133; x_wconf 74' lang='lat' dir='ltr'><strong>ult</strong></span> <span class='ocrx_word' id='word_1_132' title='bbox 1260 3092 1315 3151; x_wconf 80' lang='lat' dir='ltr'><strong>aq,</strong></span> <span class='ocrx_word' id='word_1_133' title='bbox 1337 3075 1374 3134; x_wconf 74' lang='lat'><strong>47</strong></span> <span class='ocrx_word' id='word_1_134' title='bbox 1395 3074 1454 3152; x_wconf 85' lang='lat' dir='ltr'><strong>aq.)</strong></span> 
     </span>
     <span class='ocr_line' id='line_1_21' title="bbox 410 3161 1451 3266; baseline 0.001 -20"><span class='ocrx_word' id='word_1_135' title='bbox 410 3188 553 3248; x_wconf 86' lang='lat' dir='ltr'><strong>Bracchia</strong></span> <span class='ocrx_word' id='word_1_136' title='bbox 573 3188 612 3248; x_wconf 91' lang='lat' dir='ltr'><strong>da</strong></span> <span class='ocrx_word' id='word_1_137' title='bbox 632 3187 710 3248; x_wconf 84' lang='lat' dir='ltr'><strong>laaao</strong></span> <span class='ocrx_word' id='word_1_138' title='bbox 731 3189 829 3266; x_wconf 86' lang='lat' dir='ltr'><strong>potina</strong></span> <span class='ocrx_word' id='word_1_139' title='bbox 850 3187 1022 3266; x_wconf 83' lang='lat' dir='ltr'><strong>prendenda</strong></span> <span class='ocrx_word' id='word_1_140' title='bbox 1043 3189 1169 3264; x_wconf 84' lang='lat' dir='ltr'><strong>natanti,</strong></span> <span class='ocrx_word' id='word_1_141' title='bbox 1448 3161 1451 3168; x_wconf 22' lang='grc' dir='ltr'>Ι</span> 
     </span>
     <span class='ocr_line' id='line_1_22' title="bbox 450 3303 1123 3382; baseline 0.001 -21"><span class='ocrx_word' id='word_1_142' title='bbox 450 3303 512 3363; x_wconf 83' lang='grc' dir='ltr'><strong>Νοο</strong></span> <span class='ocrx_word' id='word_1_143' title='bbox 533 3303 633 3381; x_wconf 78' lang='lat' dir='ltr'><strong>pigeat</strong></span> <span class='ocrx_word' id='word_1_144' title='bbox 662 3309 762 3364; x_wconf 87' lang='lat' dir='ltr'><strong>mento</strong></span> <span class='ocrx_word' id='word_1_145' title='bbox 782 3304 971 3382; x_wconf 85' lang='lat' dir='ltr'><strong>auppoauiaae</strong></span> <span class='ocrx_word' id='word_1_146' title='bbox 993 3322 1123 3363; x_wconf 85' lang='lat' dir='ltr'><strong>manum.</strong></span> 
     </span>
     <span class='ocr_line' id='line_1_23' title="bbox 409 3417 962 3498; baseline 0.005 -22"><span class='ocrx_word' id='word_1_147' title='bbox 409 3417 505 3497; x_wconf 84' lang='lat' dir='ltr'><strong>quue</strong></span> <span class='ocrx_word' id='word_1_148' title='bbox 524 3417 605 3496; x_wconf 82' lang='lat' dir='ltr'><strong>facia,</strong></span> <span class='ocrx_word' id='word_1_149' title='bbox 626 3419 779 3498; x_wconf 86' lang='lat' dir='ltr'><strong>iaciaaqae</strong></span> <span class='ocrx_word' id='word_1_150' title='bbox 799 3439 962 3498; x_wconf 90' lang='lat' dir='ltr'><strong>precor...</strong></span> 
     </span>
     <span class='ocr_line' id='line_1_24' title="bbox 408 3533 1184 3612; baseline 0.003 -19"><span class='ocrx_word' id='word_1_151' title='bbox 408 3534 469 3593; x_wconf 78' lang='lat' dir='ltr'><strong>Fac</strong></span> <span class='ocrx_word' id='word_1_152' title='bbox 490 3533 577 3594; x_wconf 86' lang='lat' dir='ltr'><strong>modo</strong></span> <span class='ocrx_word' id='word_1_153' title='bbox 597 3553 771 3612; x_wconf 89' lang='lat' dir='ltr'><strong>permaneaa</strong></span> <span class='ocrx_word' id='word_1_154' title='bbox 793 3536 880 3607; x_wconf 82' lang='lat' dir='ltr'><strong>laaao,</strong></span> <span class='ocrx_word' id='word_1_155' title='bbox 901 3536 1056 3612; x_wconf 83' lang='lat' dir='ltr'><strong>Graecina,</strong></span> <span class='ocrx_word' id='word_1_156' title='bbox 1078 3534 1184 3606; x_wconf 88' lang='lat' dir='ltr'><strong>fidelia,</strong></span> 
     </span>
     <span class='ocr_line' id='line_1_25' title="bbox 451 3650 1129 3730; baseline 0 -21"><span class='ocrx_word' id='word_1_157' title='bbox 451 3651 548 3710; x_wconf 86' lang='lat' dir='ltr'><strong>Durat</strong></span> <span class='ocrx_word' id='word_1_158' title='bbox 567 3651 648 3710; x_wconf 88' lang='lat' dir='ltr'><strong>etin</strong></span> <span class='ocrx_word' id='word_1_159' title='bbox 669 3650 774 3729; x_wconf 75' lang='lat' dir='ltr'><strong>longae</strong></span> <span class='ocrx_word' id='word_1_160' title='bbox 795 3651 924 3730; x_wconf 86' lang='lat' dir='ltr'><strong>impetna</strong></span> <span class='ocrx_word' id='word_1_161' title='bbox 944 3652 1001 3711; x_wconf 88' lang='lat' dir='ltr'><strong>iate</strong></span> <span class='ocrx_word' id='word_1_162' title='bbox 1023 3669 1129 3710; x_wconf 82' lang='lat' dir='ltr'><strong>morae.</strong></span> 
     </span>
     <span class='ocr_line' id='line_1_26' title="bbox 408 3766 1270 3845; baseline 0.005 -20"><span class='ocrx_word' id='word_1_163' title='bbox 408 3766 492 3835; x_wconf 88' lang='lat' dir='ltr'><strong>Quae</strong></span> <span class='ocrx_word' id='word_1_164' title='bbox 514 3770 547 3825; x_wconf 93' lang='lat' dir='ltr'><strong>tn</strong></span> <span class='ocrx_word' id='word_1_165' title='bbox 567 3785 635 3826; x_wconf 89' lang='lat' dir='ltr'><strong>oum</strong></span> <span class='ocrx_word' id='word_1_166' title='bbox 657 3771 797 3844; x_wconf 87' lang='lat' dir='ltr'><strong>praeatea,</strong></span> <span class='ocrx_word' id='word_1_167' title='bbox 819 3784 901 3826; x_wconf 90' lang='lat' dir='ltr'><strong>remo</strong></span> <span class='ocrx_word' id='word_1_168' title='bbox 922 3772 1021 3826; x_wconf 88' lang='lat' dir='ltr'><strong>tamen</strong></span> <span class='ocrx_word' id='word_1_169' title='bbox 1046 3772 1112 3827; x_wconf 89' lang='lat' dir='ltr'><strong>ntor</strong></span> <span class='ocrx_word' id='word_1_170' title='bbox 1132 3769 1164 3826; x_wconf 90' lang='lat' dir='ltr'><strong>in</strong></span> <span class='ocrx_word' id='word_1_171' title='bbox 1187 3787 1270 3845; x_wconf 84' lang='lat' dir='ltr'><strong>aura,</strong></span> 
     </span>
     <span class='ocr_line' id='line_1_27' title="bbox 448 3880 1139 3961; baseline 0.003 -22"><span class='ocrx_word' id='word_1_172' title='bbox 448 3881 510 3941; x_wconf 85' lang='lat' dir='ltr'><strong>Nec</strong></span> <span class='ocrx_word' id='word_1_173' title='bbox 531 3886 617 3942; x_wconf 88' lang='lat' dir='ltr'><strong>nocet</strong></span> <span class='ocrx_word' id='word_1_174' title='bbox 637 3881 767 3942; x_wconf 83' lang='lat' dir='ltr'><strong>admiaeo</strong></span> <span class='ocrx_word' id='word_1_175' title='bbox 787 3882 914 3942; x_wconf 89' lang='lat' dir='ltr'><strong>anhdore</strong></span> <span class='ocrx_word' id='word_1_176' title='bbox 935 3880 1032 3941; x_wconf 91' lang='lat' dir='ltr'><strong>calcar</strong></span> <span class='ocrx_word' id='word_1_177' title='bbox 1052 3901 1139 3961; x_wconf 88' lang='lat' dir='ltr'><strong>equo.</strong></span> 
     </span>
     <span class='ocr_line' id='line_1_28' title="bbox 957 3998 1452 4080; baseline 0.01 -24"><span class='ocrx_word' id='word_1_178' title='bbox 957 4001 1008 4073; x_wconf 89' lang='lat' dir='ltr'><strong>(ex</strong></span> <span class='ocrx_word' id='word_1_179' title='bbox 1029 3998 1063 4058; x_wconf 88' lang='lat' dir='ltr'><strong>P.</strong></span> <span class='ocrx_word' id='word_1_180' title='bbox 1085 3998 1117 4057; x_wconf 90' lang='lat' dir='ltr'><strong>II</strong></span> <span class='ocrx_word' id='word_1_181' title='bbox 1139 4000 1297 4070; x_wconf 71' lang='lat' dir='ltr'><strong>cna-15,</strong></span> <span class='ocrx_word' id='word_1_182' title='bbox 1320 4001 1452 4080; x_wconf 78' lang='lat'>35-38)</span> 
     </span>
     <span class='ocr_line' id='line_1_29' title="bbox 409 4113 1491 4194; baseline 0.006 -24"><span class='ocrx_word' id='word_1_183' title='bbox 409 4113 509 4190; x_wconf 81' lang='lat' dir='ltr'><strong>Atque</strong></span> <span class='ocrx_word' id='word_1_184' title='bbox 525 4113 652 4189; x_wconf 90' lang='lat' dir='ltr'><strong>utinam,</strong></span> <span class='ocrx_word' id='word_1_185' title='bbox 670 4132 737 4172; x_wconf 87' lang='lat' dir='ltr'><strong>cnm</strong></span> <span class='ocrx_word' id='word_1_186' title='bbox 757 4115 816 4173; x_wconf 90' lang='lat' dir='ltr'><strong>iarn</strong></span> <span class='ocrx_word' id='word_1_187' title='bbox 833 4113 926 4173; x_wconf 88' lang='lat' dir='ltr'><strong>lueria</strong></span> <span class='ocrx_word' id='word_1_188' title='bbox 936 4113 983 4190; x_wconf 87' lang='lat' dir='ltr'><strong>(nt</strong></span> <span class='ocrx_word' id='word_1_189' title='bbox 994 4133 1090 4175; x_wconf 83' lang='lat' dir='ltr'><strong>norea</strong></span> <span class='ocrx_word' id='word_1_190' title='bbox 1100 4114 1216 4191; x_wconf 88' lang='lat' dir='ltr'><strong>conani)</strong></span> <span class='ocrx_word' id='word_1_191' title='bbox 1229 4116 1343 4192; x_wconf 89' lang='lat' dir='ltr'><strong>potiora</strong></span> <span class='ocrx_word' id='word_1_192' title='bbox 1354 4122 1491 4194; x_wconf 87' lang='lat' dir='ltr'><strong>preoatna</strong></span> 
     </span>
     <span class='ocr_line' id='line_1_30' title="bbox 448 4225 1163 4308; baseline 0.003 -22"><span class='ocrx_word' id='word_1_193' title='bbox 448 4225 489 4286; x_wconf 86' lang='lat' dir='ltr'><strong>Ut</strong></span> <span class='ocrx_word' id='word_1_194' title='bbox 511 4227 583 4286; x_wconf 88' lang='lat' dir='ltr'><strong>mihi</strong></span> <span class='ocrx_word' id='word_1_195' title='bbox 605 4227 739 4306; x_wconf 85' lang='lat' dir='ltr'><strong>placetur</strong></span> <span class='ocrx_word' id='word_1_196' title='bbox 760 4229 901 4307; x_wconf 88' lang='lat' dir='ltr'><strong>principia</strong></span> <span class='ocrx_word' id='word_1_197' title='bbox 922 4231 977 4306; x_wconf 81' lang='lat' dir='ltr'><strong>ira,</strong></span> <span class='ocrx_word' id='word_1_198' title='bbox 999 4232 1102 4308; x_wconf 77' lang='lat' dir='ltr'><strong>rogoal</strong></span> <span class='ocrx_word' id='word_1_199' title='bbox 1116 4275 1123 4288; x_wconf 91' lang='lat'><strong>.</strong></span> <span class='ocrx_word' id='word_1_200' title='bbox 1137 4276 1163 4288; x_wconf 94' lang='lat'><strong>..</strong></span> 
     </span>
    </p>
   </div>
   <div class='ocr_carea' id='block_1_6' title="bbox 407 4341 1182 4424">
    <p class='ocr_par' dir='ltr' id='par_1_6' title="bbox 407 4341 1182 4424">
     <span class='ocr_line' id='line_1_31' title="bbox 407 4341 1182 4424; baseline 0.008 -23"><span class='ocrx_word' id='word_1_201' title='bbox 407 4341 492 4412; x_wconf 86' lang='lat' dir='ltr'><strong>Quod</strong></span> <span class='ocrx_word' id='word_1_202' title='bbox 514 4348 613 4403; x_wconf 82' lang='lat' dir='ltr'><strong>tamen</strong></span> <span class='ocrx_word' id='word_1_203' title='bbox 641 4363 778 4404; x_wconf 84' lang='lat' dir='ltr'><strong>ararum</strong></span> <span class='ocrx_word' id='word_1_204' title='bbox 799 4363 872 4404; x_wconf 88' lang='lat' dir='ltr'><strong>cura</strong></span> <span class='ocrx_word' id='word_1_205' title='bbox 893 4347 1028 4424; x_wconf 90' lang='lat' dir='ltr'><strong>propiore</strong></span> <span class='ocrx_word' id='word_1_206' title='bbox 1049 4346 1182 4420; x_wconf 84' lang='lat' dir='ltr'><strong>vacabit,-</strong></span> 
     </span>
    </p>
   </div>
   <div class='ocr_carea' id='block_1_7' title="bbox 0 0 1894 5488">
    <p class='ocr_par' dir='ltr' id='par_1_7' title="bbox 0 0 1894 5488">
     <span class='ocr_line' id='line_1_32' title="bbox 0 0 1894 5488; baseline 0 4"><span class='ocrx_word' id='word_1_207' title='bbox 0 0 1894 5488; x_wconf 95' lang='lat' dir='ltr'><strong> </strong></span> 
     </span>
    </p>
   </div>
  </div>
 </body>
</html>
