3734 5518
951 650 996 720 46

411 871 444 920 a.
467 849 513 920 60
525 870 637 940 usque
649 849 692 919 ad
709 870 740 920 a.
752 849 798 918 54
810 869 926 939 neque
938 849 1058 941 plures
1070 871 1241 940 umquam
1255 857 1359 920 notae
1372 850 1531 930 luerunt,

412 995 492 1044 cum
528 975 648 1067 plures
684 975 857 1044 exstitisse
894 994 957 1064 per
980 995 1017 1042 se
1044 975 1281 1064 intellegatur,
1304 975 1471 1064 quoniam
1496 980 1532 1043 et

414 1099 556 1170 Marcus
590 1100 779 1189 proconsul
812 1099 849 1167 in
884 1097 1005 1169 Cilicia
1038 1105 1075 1168 et
1101 1098 1254 1180 Quintus
1276 1120 1356 1169 cum
1382 1097 1531 1168 Caesare

411 1225 446 1293 in
483 1224 596 1294 Gallia
629 1224 728 1294 aluit.
763 1222 950 1294 Praeterea
984 1225 1027 1292 de
1063 1224 1241 1293 nonnullis
1275 1245 1318 1293 ex
1352 1225 1405 1307 iis,
1440 1242 1531 1312 quae

411 1356 613 1439 supersunt,
654 1349 748 1418 idem
792 1349 893 1434 ualet,
930 1349 1022 1438 quod
1059 1349 1163 1419 modo
1197 1348 1241 1417 de
1276 1349 1329 1434 iis,
1360 1368 1451 1437 quae
1486 1346 1529 1415 ad

412 1493 558 1543 uxorem
593 1473 695 1544 datae
730 1479 823 1556 sunt,
859 1474 1029 1543 diximus:
1054 1474 1166 1543 exulis
1189 1474 1418 1542 summissum
1449 1491 1532 1561 pro·

412 1599 502 1668 dunt
525 1601 696 1670 animum.
742 1599 779 1669 Si
802 1598 946 1668 additur
968 1599 1004 1667 in
1028 1598 1188 1687 epistulis
1205 1598 1286 1667 libri
1299 1597 1405 1688 primi
1418 1596 1532 1686 prima

412 1729 448 1793 et
481 1725 636 1794 secunda
671 1744 847 1793 summam
883 1723 1004 1792 fratris
1029 1723 1321 1813 vituperationem
1346 1723 1470 1806 inesse,
1495 1720 1529 1788 in

411 1847 563 1937 epistula
585 1847 742 1916 eiusdem
766 1847 846 1916 libri
868 1847 975 1915 tertia
995 1847 1213 1937 Pompeium,
1226 1847 1270 1915 de
1283 1867 1353 1934 quo
1365 1846 1533 1915 extremis

412 1972 503 2041 vitae
540 1972 643 2040 annis
677 1969 798 2041 Cicero
831 1977 906 2041 tam
943 1971 1081 2061 publice
1119 1992 1226 2060 quam
1263 1972 1428 2062 privatim
1463 1969 1532 2038 nisi

414 2095 707 2186 perhonorificum
748 2097 962 2165 mentionem
998 2117 1068 2166 non
1105 2096 1247 2186 lecito,
1290 2095 1530 2166 simulatorem

412 2221 545 2306 audire,
570 2219 693 2310 procul
717 2220 824 2289 dubio
848 2240 951 2290 nemo
975 2221 1096 2290 credet
1116 2221 1178 2290 has
1201 2222 1294 2291 inter
1315 2220 1376 2290 iila
1394 2219 1533 2288 Tironis

413 2343 593 2417 volumina
617 2345 737 2414 luisse.
762 2385 802 2394 -

456 2468 564 2538 Plura
585 2471 696 2558 igitur
717 2470 818 2538 nobis
841 2490 948 2558 quam
973 2469 1150 2540 Gioeronis
1173 2469 1379 2559 aequalibus
1403 2488 1533 2557 suppe-

413 2593 537 2679 ditant,
562 2593 691 2682 quibus
707 2594 878 2664 iudicium
891 2595 934 2662 de
947 2595 1023 2664 eius
1034 2594 1150 2664 indole
1163 2594 1265 2664 nobis
1277 2594 1532 2683 contingamus.

413 2718 533 2787 Simile
556 2718 652 2806 quid,
677 2719 706 2787 si
730 2738 799 2787 non
825 2716 930 2798 idem,
955 2719 1073 2787 evenit
1095 2719 1234 2808 scriptis
1257 2718 1510 2788 Ouidianis.

457 2842 674 2911 Tristium
700 2842 843 2930 quidem
864 2842 972 2913 libros
992 2845 1150 2933 quinque
1162 2850 1197 2913 et
1217 2843 1532 2934 Epistularum

412 2988 462 3037 ex
486 2966 628 3037 Ponto
652 2969 787 3056 priores
810 2967 918 3036 libros
942 2973 1013 3036 tres
1037 2966 1220 3050 habemus,
1241 2967 1364 3057 quales
1383 2968 1534 3056 scriptor

412 3111 472 3160 eos
506 3091 573 3182 legi
609 3092 736 3176 uoluit3
772 3111 888 3180 neque
912 3092 1313 3181 Metamorphoses,
1339 3113 1421 3162 oum
1446 3092 1533 3160 Ver·

412 3217 486 3305 gilii
508 3216 709 3305 exemplum
734 3223 877 3286 secutus
900 3216 1017 3286 delere
1043 3217 1156 3302 vellet,
1171 3218 1260 3286 miro
1274 3217 1377 3286 modo
1390 3237 1532 3286 conser-

414 3347 512 3410 vatas
534 3346 569 3410 et
592 3342 754 3431 quamvis
777 3341 1004 3430 imperfectas
1027 3363 1063 3410 se
1085 3343 1195 3410 invito
1214 3343 1327 3411 editas
1339 3361 1414 3410 esse
1428 3341 1533 3410 nimis

414 3472 536 3555 poetae
559 3465 775 3535 eredendum
799 3475 853 3535 est
869 3468 919 3555 2);

420 3761 422 3766 ,
454 3786 484 3858 l)
525 3783 566 3845 cl.
598 3803 624 3845 e.
656 3805 683 3864 g.
705 3785 778 3846 Phil.
801 3785 825 3846 ll
848 3788 905 3848 39:
928 3785 976 3847 ilie
997 3785 1152 3867 singularis
1174 3787 1216 3849 vir
1237 3807 1270 3850 ao
1291 3807 1380 3869 paene
1399 3787 1532 3859 divinus;

413 3901 451 3962 ib.
475 3904 529 3963 54:
552 3900 664 3980 imperii
688 3901 788 3981 populi
812 3901 934 3963 Romani
954 3902 1042 3964 denus
1064 3921 1097 3964 ac
1118 3903 1216 3966 lumen
1239 3903 1310 3975 suit;
1331 3904 1367 3965 de
1382 3905 1428 3964 oli.
1442 3904 1532 3966 1120:

413 4016 585 4078 clades...
609 4017 716 4078 summi
735 4025 761 4079 el
784 4016 939 4097 singularis
961 4018 1030 4090 viri;
1052 4018 1086 4080 ad
1109 4019 1166 4081 Aut.
1188 4019 1226 4080 lll
1247 4023 1312 4082 ud:
1335 4038 1391 4081 non
1414 4037 1533 4099 possum

413 4131 477 4194 eius
507 4150 606 4194 casum
638 4150 695 4194 non
726 4132 837 4204 dolum
870 4133 1017 4194 homiuem
1048 4133 1126 4195 enim
1158 4134 1301 4214 integrum
1325 4141 1354 4195 et
1373 4140 1484 4196 castum
1506 4140 1533 4194 el

414 4266 529 4326 gravem
550 4248 682 4327 cognovi.

454 4366 483 4442 2)
525 4363 569 4424 Gi.
593 4363 698 4426 Owen
720 4365 754 4425 ad
775 4364 860 4426 'lrist
881 4363 920 4424 lll
942 4366 1039 4425 1420.
