3734 5518
1006 683 1051 752 36

510 885 614 970 Anni,
649 884 710 973 qui
734 887 870 950 restant
893 881 1072 971 usquead
1098 881 1242 950 exilium
1265 880 1453 965 Ciceronis,
1477 879 1584 947 exiis

466 1016 559 1090 sunt,
597 1029 750 1098 quorum
783 1007 1026 1077 confusionem
1063 1006 1298 1096 perscrutanti
1332 1005 1426 1074 idem
1458 1002 1586 1072 accidit

406 1205 417 1216 ,
465 1133 559 1223 quod
594 1153 705 1224 paene
740 1131 904 1203 omnibus
938 1139 1024 1201 tunc
1058 1132 1228 1221 temporis
1260 1130 1476 1199 viventibus:
1501 1146 1585 1218 prae

465 1257 651 1328 arboribus
684 1257 807 1326 silvam
843 1277 912 1326 non
951 1257 1053 1325 videt.
1086 1256 1182 1324 ldem
1206 1276 1271 1345 ego
1294 1275 1436 1345 quoque
1459 1273 1586 1344 exper-

466 1388 524 1452 tus
577 1403 668 1467 sum,
713 1402 795 1450 nam
839 1402 920 1451 cum
969 1401 1092 1451 omnes
1137 1382 1368 1450 excussissem
1408 1378 1586 1449 Ciceronis

467 1507 646 1597 epistulas,
667 1527 758 1597 quae
782 1506 883 1576 nobis
907 1526 971 1596 pro
994 1507 1100 1574 unico
1124 1505 1198 1574 sere
1221 1506 1318 1574 fonte
1339 1510 1433 1584 sunt,
1446 1512 1585 1573 noctem

468 1630 657 1720 plurimam
701 1631 811 1701 oculis
854 1630 1003 1701 offusam
1047 1632 1150 1700 sensi.
1193 1629 1294 1712 Quod
1343 1631 1471 1698 mirum
1515 1649 1585 1697 non

466 1761 531 1838 est,
561 1755 636 1844 ipse
671 1756 765 1824 enim
801 1756 952 1845 scriptor
985 1761 1021 1824 et
1051 1756 1087 1824 in
1119 1756 1192 1824 suis
1215 1762 1251 1824 et
1273 1756 1309 1823 in
1333 1755 1457 1823 alienis
1479 1753 1588 1822 rebus

469 1879 698 1951 caecutiebat.
724 1880 911 1950 Postmodo
934 1887 1055 1949 autem
1080 1880 1176 1950 velut
1197 1881 1318 1949 lumen
1343 1879 1460 1949 subito
1478 1879 1587 1947 menti

469 2025 568 2074 meae
602 2003 734 2074 effulsit
767 2005 852 2074 illud
888 2004 1141 2096 Pompeianum
1177 2006 1221 2073 de
1252 2004 1401 2075 Caesam
1425 2002 1587 2074 consule:

468 2128 689 2214 „imbecillus
713 2131 792 2220 plus
818 2130 927 2199 valuit
950 2150 1059 2220 quam
1084 2135 1158 2200 tota
1180 2129 1402 2219 respublica’'
1432 2127 1489 2215 (ad
1515 2128 1587 2196 Att.
1647 2155 1653 2167 ·

470 2249 531 2323 Vll
550 2253 624 2343 a3)
640 2261 676 2324 et
689 2257 850 2345 perspexi
862 2255 1048 2326 Caesarem
1062 2255 1180 2339 luisse,
1194 2255 1255 2344 qui
1267 2255 1427 2324 Ciceroni
1440 2254 1589 2342 „pinnas

469 2377 653 2446 inciderit’'
688 2379 748 2466 (ad
781 2379 853 2447 Au.
879 2379 924 2447 lll
955 2379 1082 2466 a.5)1)‚
1106 2379 1166 2448 sed
1192 2398 1275 2447 aum
1298 2399 1368 2447 non
1393 2378 1491 2468 prius
1514 2377 1589 2445 chi-

471 2503 610 2591 rurgiae
645 2523 790 2571 manum
826 2503 1023 2571 admovisse
1058 2523 1165 2592 quam
1202 2523 1283 2572 cum
1309 2503 1462 2572 diaetam
1484 2521 1590 2590 aeger

470 2626 645 2695 renuisset
664 2628 704 2716 ²).
738 2627 928 2716 Postquam
960 2628 1054 2696 enim
1091 2647 1156 2716 per
1178 2627 1339 2697 Clodium
1363 2627 1522 2698 Ciceroni
1546 2627 1591 2693 ti·

471 2770 605 2820 morem
628 2751 788 2820 incutere
811 2751 945 2821 frustm
967 2759 1115 2821 conatus
1146 2758 1199 2820 est
1222 2772 1337 2842 neque
1360 2773 1442 2820 eum
1466 2751 1592 2842 impel-

470 2874 542 2944 lere
586 2875 700 2964 potuit
743 2881 783 2944 ut
828 2875 1037 2966 legationem
1088 2875 1234 2945 liberam
1282 2875 1337 2946 vel
1382 2877 1592 2966 quinquevi-

472 3006 591 3068 ratum
646 3001 831 3089 aooiperet‚
887 3000 1009 3071 Cicero
1071 3007 1195 3070 contra
1255 3001 1381 3071 fortius
1433 3002 1594 3070 invectus

472 3128 526 3192 est
558 3123 595 3191 in
631 3143 732 3213 reges
765 3130 801 3193 et
834 3132 1005 3214 tyrannos
1020 3127 1061 3214 ³),
1089 3126 1206 3195 subito
1229 3127 1411 3196 inimicum
1440 3128 1593 3196 armavit

472 3425 497 3486 ll
520 3427 577 3487 517
599 3444 666 3487 ann.
683 3429 722 3486 92
746 3434 775 3487 et
796 3429 844 3498 93,
869 3426 893 3488 V
918 3431 978 3490 538
1000 3447 1064 3490 ann.
1088 3429 1593 3511 l7‚Cooheva11p.aao-aua

472 3558 524 3619 pro
545 3541 647 3602 Flacco
669 3541 693 3621 ὃ
714 3546 802 3614 3-5,
824 3546 974 3614 tlt-lot,
996 3544 1186 3606 llrumann
1211 3545 1234 3607 V
1256 3550 1310 3608 62l
1327 3565 1389 3626 sqq.
1407 3546 1592 3609 Cucheval

472 3655 484 3716 l
505 3675 532 3735 p.
555 3659 723 3732 301—305,
745 3661 913 3722 ara-316.

512 3774 543 3846 l)
585 3773 626 3832 Cl.
654 3773 728 3835 Voll.
762 3773 820 3836 Pat.
853 3775 879 3836 ll
906 3779 994 3839 tua:
1018 3775 1080 3838 Non
1102 3785 1257 3840 caruerunt
1279 3778 1443 3859 suspicione
1465 3779 1595 3860 oppressi

473 3885 618 3948 Ciceronis
638 3889 741 3951 Caesar
760 3897 789 3951 et
809 3890 972 3972 Pompeius.

513 4003 545 4077 ἓ)
586 4003 627 4062 Cl.
650 4003 684 4064 ad
707 4003 764 4066 llll.
787 4005 824 4066 lV
847 4009 904 4070 3.3.

512 4118 542 4189 3)
583 4117 639 4178 Cic.
673 4117 708 4180 de
736 4118 823 4181 domo
844 4124 891 4183 ll.
915 4122 992 4184 ldem
1015 4123 1082 4185 lecit
1102 4123 1132 4184 C.
1155 4125 1223 4185 Cato
1245 4125 1381 4186 tribunus
1403 4125 1448 4203 (ad
1471 4126 1504 4197 Q.
1528 4125 1561 4186 lr.
1585 4125 1597 4186 l

469 4233 550 4304 215)
579 4241 627 4304 „et
648 4234 767 4314 propius
792 4236 866 4298 nihil
888 4239 1070 4312 estfactum,
1093 4258 1180 4319 quarn
1202 4247 1236 4301 ut
1256 4239 1454 4302 occideretur’'
1476 4245 1514 4315 (a.
1538 4244 1597 4316 ou).

470 4345 531 4407 lloc
552 4347 675 4410 efficitur
696 4349 860 4415 Ciceronem
882 4353 1017 4417 timidum
1038 4356 1138 4417 saltem
1161 4374 1218 4417 non
1240 4356 1339 4417 luisse.
