3792 5486
973 673 1038 742 166

440 872 605 950 amicum,
631 870 858 939 vehementer
881 870 936 938 sui
960 874 1075 939 status
1096 869 1277 959 paenitere
1300 867 1510 956 restituique
1521 867 1558 936 in

439 1016 521 1066 eum
556 995 673 1066 locum
704 1014 845 1084 cupere,
876 1015 918 1062 cx
944 1015 1013 1084 quo
1036 992 1177 1079 decidit,
1202 992 1429 1082 doloremque
1453 1012 1557 1060 suum

440 1122 622 1211 impertire
645 1120 746 1190 nobis
768 1124 805 1188 et
828 1119 1038 1188 medicinam
1052 1118 1230 1188 interdum
1244 1123 1365 1209 aperte
1377 1138 1559 1206 quaerere,

440 1251 547 1335 quain
571 1266 635 1334 ego
660 1265 802 1335 possum
824 1245 984 1313 invenire
1008 1244 1162 1329 nullam3
1187 1243 1312 1312 deinde
1332 1262 1455 1312 omnes
1466 1242 1559 1311 illius

441 1372 551 1460 partis
573 1377 736 1440 auctores
758 1391 800 1440 ac
823 1369 935 1439 socios
958 1369 1056 1438 nullo
1075 1369 1558 1451 adversarioconsenescerc3

440 1496 706 1564 consensionem
731 1495 976 1564 universorum
1001 1513 1066 1562 nec
1091 1493 1282 1562 voluntatis
1305 1513 1370 1562 nec
1387 1492 1560 1562 sermonis

441 1620 609 1688 maiorem
634 1640 804 1709 umquem
828 1618 936 1687 luisse
960 1617 1102 1707 (23.2).’'

484 1742 558 1812 Etsi
593 1744 658 1833 ipsi
682 1742 842 1813 Clodium
866 1744 902 1810 in
927 1742 1131 1812 Ciceronem
1155 1749 1348 1825 armarent,
1372 1740 1560 1831 Pompeius

439 1885 475 1936 et
497 1866 628 1937 (laesor
650 1873 690 1936 ut
713 1865 805 1936 bono
828 1873 921 1936 esset
939 1869 1058 1937 animo
1071 1886 1153 1935 eum
1166 1866 1347 1936 adhortari
1360 1886 1556 1954 numquam

439 1991 659 2061 destiterunt.
707 1991 774 2072 Qui
809 1999 927 2060 tamen
965 1991 1069 2060 fidem
1106 1993 1149 2061 iis
1184 2011 1254 2060 non
1291 1989 1460 2059 habebat:
1493 1990 1559 2072 „ad

441 2115 512 2184 An.
537 2115 569 2185 ΙΙ
591 2115 645 2184 20.
669 2114 688 2182 l
714 2120 750 2184 et
772 2115 794 2183 2
814 2115 864 2207 (p.
884 2115 951 2184 164
970 2136 1021 2205 sq.
1037 2115 1160 2205 laud).
1173 2115 1361 2206 Pompeius
1374 2115 1560 2185 confirmat

440 2260 521 2309 eum
558 2239 755 2329 (Clodium)
790 2240 877 2308 nihil
911 2259 987 2308 esse
1021 2239 1200 2309 iacturum
1235 2245 1358 2308 contre
1382 2260 1448 2309 me.
1474 2239 1560 2316 Mihi

441 2365 677 2453 periculosum
700 2372 754 2434 est
779 2366 940 2449 credere;
964 2365 1007 2433 ad
1026 2365 1262 2434 resistendum
1276 2383 1332 2432 me
1345 2385 1431 2454 paro
1440 2363 1559 2453 (91.6).

441 2489 530 2561 Cum
556 2489 620 2558 hoc
644 2489 834 2580 Pompeius
857 2491 928 2580 egit
951 2496 997 2573 et,
1021 2496 1061 2559 ut
1084 2490 1128 2558 ed
1152 2510 1208 2558 me
1232 2490 1306 2579 ipse
1329 2487 1560 2558 referebat-

441 2615 549 2684 alium
574 2615 668 2683 enirn
694 2613 804 2683 habeo
828 2615 1007 2684 neminem
1033 2619 1160 2683 testem
1172 2654 1225 2700 —,
1240 2613 1466 2682 vehementer
1477 2615 1559 2704 egit,

441 2759 522 2808 cum
554 2739 687 2809 diceret
718 2740 752 2807 in
777 2759 917 2809 summa
940 2759 977 2808 se
1001 2739 1168 2828 perfidiae
1192 2745 1226 2807 et
1250 2739 1391 2808 sceleris
1413 2739 1560 2808 infamia

440 2864 527 2950 fore,
561 2864 590 2932 si
626 2864 711 2932 mihi
746 2864 942 2953 periculum
978 2870 1160 2934 crearetur
1193 2862 1237 2932 ab
1269 2883 1321 2948 eo,
1355 2883 1460 2952 quem
1484 2863 1559 2953 ipse

440 2992 623 3070 armasset,
654 3009 735 3057 cum
760 2987 936 3077 plebeium
961 2988 1037 3059 fieri
1063 3009 1186 3078 passus
1210 2995 1311 3068 esset,
1333 2987 1438 3056 fidem
1462 3007 1559 3057 rece·

442 3113 534 3201 pisse
557 3112 622 3181 sibi
646 3119 681 3180 et
703 3114 820 3203 ipsum
844 3119 880 3182 et
904 3115 1059 3205 Appium
1085 3113 1128 3182 de
1152 3133 1226 3197 me;
1251 3113 1342 3184 hanc
1366 3114 1394 3182 si
1417 3112 1558 3182 illenon

441 3242 609 3322 servaret,
631 3239 682 3305 ita
705 3238 873 3324 laturum,
898 3244 938 3307 ut
962 3258 1083 3307 omnes
1105 3238 1350 3327 intellegerent
1373 3237 1458 3307 nihil
1495 3236 1559 3306 sibi

441 3361 622 3450 antiquius
657 3363 811 3432 amicitia
845 3371 967 3432 nostra
997 3363 1115 3431 fuisse.
1140 3362 1235 3431 Haec
1258 3364 1352 3431 etin
1377 3383 1455 3430 earn
1479 3382 1559 3430 sen-

441 3487 588 3584 tentiam
613 3507 693 3556 curn
719 3491 831 3556 multa
854 3489 1007 3573 dixisset,
1032 3488 1148 3557 aiebat
1162 3487 1486 3577 illumprimosane
1500 3487 1557 3555 diu

444 3610 554 3679 multa
588 3620 722 3696 contro,
757 3613 801 3681 ad
836 3619 1034 3682 extremum
1070 3620 1188 3682 nutem
1214 3633 1342 3682 manus
1365 3613 1501 3681 dedisse
1525 3619 1559 3680 et

442 3735 635 3804 affirmasse
670 3736 755 3805 nihil
788 3757 824 3806 se
856 3745 980 3806 contra
1003 3739 1079 3807 eius
1103 3737 1320 3807 voluntatem
1344 3757 1420 3806 esse
1445 3737 1560 3806 fectu·

442 3880 533 3929 rum.
577 3859 644 3929 Sed
687 3871 808 3950 postea
849 3870 966 3931 tamen
1010 3862 1068 3931 ille
1109 3884 1178 3932 non
1214 3863 1347 3932 destitit
1382 3863 1425 3931 de
1444 3861 1561 3930 nobis

442 3986 634 4074 asperrime
668 3985 783 4075 loqui;
818 3986 913 4076 qnod
947 3987 977 4054 si
1011 4007 1081 4055 non
1106 3987 1248 4072 laceret,
1274 3993 1393 4056 tamen
1417 3987 1448 4054 ei
1473 3985 1560 4054 nihil

442 4109 668 4180 crederemus
687 4118 793 4198 atque
806 4111 933 4194 omnia,
947 4113 1038 4181 sicut
1049 4087 1210 4190 facimus,
1225 4130 1431 4202 pararemus
1443 4109 1560 4196 (222).

420 4251 422 4256 ·
445 4234 631 4324 Pompeius
654 4235 697 4304 de
720 4234 840 4304 Clodio
864 4235 961 4304 iubet
985 4256 1049 4304 nos
1061 4256 1137 4304 esse
1150 4237 1224 4304 sine
1237 4257 1323 4305 cura
1335 4242 1371 4305 et
1383 4255 1560 4304 summam

443 4361 477 4429 in
514 4379 578 4427 nos
612 4360 892 4429 benevolentiam
923 4361 1019 4429 omni
1054 4362 1212 4430 oratione
1243 4361 1417 4450 significat
1440 4359 1559 4448 (245).
