3734 5518
975 659 1020 730 48

531 859 607 920 (lnm
630 861 719 938 volet,
740 861 886 938 illediso,
908 879 985 938 qnae
1008 859 1051 920 nil
1074 860 1131 920 nisi
1153 861 1284 939 eorporis
1306 861 1396 921 huius

530 977 582 1035 Ine
603 976 702 1048 babet,
723 978 829 1037 inserti
850 977 980 1055 epatium
1004 976 1077 1036 mihi
1098 976 1185 1036 liniat
1205 977 1288 1036 oevi:

533 1092 648 1152 Ponte
668 1096 769 1152 temen
792 1093 951 1153 meliore
972 1093 1042 1152 mei
1064 1111 1154 1171 super
1177 1090 1239 1152 alte
1260 1093 1443 1171 perennis

533 1208 624 1268 Astra
644 1208 725 1268 ferar
746 1227 916 1286 nomenque
937 1209 995 1268 enit
1015 1208 1175 1269 indelebile
1196 1213 1342 1269 nostrum.

1093 1323 1226 1402 (Metam.
1249 1324 1308 1384 XV
1331 1325 1513 1398 aul-876).

477 1526 575 1608 Quae
610 1533 688 1617 post
719 1527 855 1596 cladem
887 1528 1030 1596 demum
1054 1527 1091 1595 in
1115 1528 1218 1596 exibo
1239 1528 1370 1617 scripta
1392 1547 1469 1596 esse
1488 1527 1554 1596 has

435 1672 577 1741 quoque
607 1652 652 1721 ob
675 1673 800 1721 causas
823 1653 935 1722 cuivis
958 1653 1194 1722 demonstrari
1217 1672 1318 1742 posse
1343 1653 1553 1742 arbitr0r1).

434 1776 524 1858 Quid
560 1777 735 1868 significat
763 1777 876 1859 „Iovis
898 1777 972 1845 ira'’
996 1778 1025 1846 si
1049 1798 1118 1845 uon
1143 1777 1187 1845 de
1210 1777 1362 1867 Augusti
1386 1778 1439 1845 ira
1461 1778 1554 1846 aeci-

433 1903 541 1992 pitur‚
573 1908 612 1970 ut
642 1902 831 1971 sescenties
862 1903 898 1970 in
923 1902 1097 1971 Tristibus
1119 1909 1154 1971 et
1177 1901 1346 1991 Epistulis
1362 1901 1554 1971 exPontol

434 2025 544 2096 Porro
575 2034 611 2095 et
642 2026 750 2095 verba
777 2034 812 2096 et
836 2025 985 2095 allectus
1009 2027 1097 2094 mire
1120 2028 1346 2096 consentiunt
1369 2047 1449 2096 cum
1475 2025 1554 2114 plu-

434 2153 533 2220 rimis
555 2152 640 2221 locis
663 2172 706 2220 ex
729 2151 946 2220 carminibus
970 2151 1013 2219 de
1037 2151 1140 2220 exilio
1164 2153 1313 2242 scriptis.
1337 2150 1451 2240 (lnsra
1477 2172 1552 2241 cap.

434 2276 586 2366 ultimo).
623 2277 779 2365 Denique
813 2277 904 2344 inest
928 2296 997 2344 non
1024 2277 1174 2346 obscura
1196 2277 1346 2346 imitatio
1372 2276 1553 2346 Horatiani

437 2401 604 2469 carminis
627 2399 692 2486 (ΙΙΙ
714 2399 793 2487 30):

595 2596 715 2676 Exegi
741 2603 965 2658 monumentum
987 2617 1056 2659 aere
1077 2599 1287 2677 perennius

594 2713 760 2791 Regaliqne
780 2714 839 2773 situ
864 2714 1054 2792 pyramidum
1074 2714 1166 2774 eitius

596 2828 681 2898 Quod
702 2847 760 2888 non
783 2829 878 2889 imber
898 2829 1007 2905 edax,
1030 2849 1090 2889 non
1113 2829 1225 2906 Aquilo
1246 2829 1394 2908 impotens

595 2944 693 3005 Possit
712 2945 832 3005 diruere
853 2950 906 3005 ant
926 2945 1155 3006 innumerabilis

596 3160 754 3219 Annorum
774 3160 867 3219 series
887 3163 918 3219 et
938 3159 1011 3236 iuga
1031 3163 1208 3236 temporum.

594 3274 662 3334 Non
683 3275 780 3334 omnis
801 3275 920 3346 morior,
942 3274 1137 3352 multoque
1158 3292 1245 3352 pers
1266 3275 1336 3334 mei

595 3390 710 3451 Vilebit
732 3390 891 3462 libitinam,

435 3625 507 3693 qua
548 3603 669 3693 procul
712 3603 819 3672 dubio
854 3602 1010 3688 Ovidius,
1045 3605 1158 3673 fretus
1192 3624 1321 3692 magua
1355 3604 1552 3673 carminum

435 3749 581 3797 suorum
616 3728 741 3818 gratia,
776 3727 955 3798 indicabat
989 3749 1060 3798 non
1085 3728 1285 3817 principum
1310 3727 1468 3797 favorem
1493 3726 1553 3794 sed

436 3873 556 3921 vocem
582 3852 700 3943 populi
725 3853 835 3941 poetis
856 3853 1158 3921 immortalitatem
1182 3853 1277 3922 dare.

482 3975 549 4044 Sed
586 3976 672 4045 haec
708 3976 878 4044 hactenus
912 3976 955 4044 de
978 3976 1078 4045 libris
1103 3981 1320 4046 mutaturum
1346 3977 1554 4058 formarum,

440 4100 501 4187 qui
525 4099 628 4190 plura
653 4100 697 4168 de
719 4099 813 4168 exilii
837 4099 1055 4189 temporibus
1077 4121 1148 4170 non
1172 4102 1308 4171 docent.
1332 4139 1377 4150 -

437 4271 654 4282 1-—

485 4369 516 4448 l)
557 4367 599 4428 Cl.
621 4366 787 4428 Ribbeck
808 4365 910 4429 Gasch.
930 4368 958 4430 d.
982 4368 1063 4430 Rom.
1086 4367 1231 4448 Diclrtuug
1251 4367 1276 4428 ll
1298 4386 1325 4448 p.
1348 4369 1415 4428 lili.
