3792 5486
909 662 974 730 157

383 878 591 927 enumerem
616 857 776 926 miserias
800 879 933 941 omneS,
957 859 993 926 in
1017 877 1106 946 quas
1129 856 1236 926 incidi
1249 877 1312 946 per
1324 875 1500 924 summam

384 983 550 1051 iniuriam
574 989 611 1050 et
634 983 749 1052 scelus
773 1004 841 1052 non
857 990 929 1050 tam
942 983 1286 1070 inimicorumquam
1300 979 1499 1049 invidorum

384 1109 444 1196 (ad
471 1108 542 1176 An.
567 1107 615 1176 111
640 1107 721 1196 72).
746 1107 818 1176 Nos
841 1128 910 1176 non
932 1107 1065 1176 inimici
1077 1106 1136 1174 sed
1151 1105 1261 1175 invidi
1274 1104 1502 1194 perdiderunt

384 1231 445 1320 (ib.
481 1231 586 1322 9.2)’'.
622 1232 773 1319 (Ironice
808 1232 851 1300 ad
887 1232 1068 1318 fratrem):
1104 1231 1322 1316 ,‚scilice't...
1358 1235 1420 1298 tua
1445 1247 1500 1296 me

382 1355 525 1434 invidia,
551 1377 592 1426 ac
616 1377 686 1425 non
711 1378 775 1446 ego
799 1364 833 1425 te
860 1358 984 1425 misere
1010 1357 1145 1446 perdidi
1172 1355 1233 1444 (ad
1257 1354 1296 1436 Q.
1321 1354 1363 1422 fr.
1380 1351 1500 1441 13.r)”

385 1479 566 1562 „intimus
602 1483 794 1571 proximus,
830 1482 1125 1551 familiarissimus
1158 1483 1308 1572 quisque
1342 1483 1405 1548 aut
1435 1478 1501 1546 sibi

384 1606 566 1695 pertimuit
589 1612 652 1675 aut
676 1607 761 1674 mihi
784 1607 909 1675 inridit
926 1608 988 1696 (ib.
1008 1606 1089 1696 lai).
1104 1606 1193 1675 Nam
1207 1605 1292 1694 qnid
1306 1623 1442 1694 sperem

384 1729 584 1800 infidelibus
607 1731 739 1817 amicis
766 1730 926 1820 piurimis
949 1731 1099 1801 invidisi
1123 1731 1185 1819 (ib.
1209 1730 1282 1821 §D
1303 1729 1392 1798 Nam
1406 1727 1499 1815 quod

384 1874 517 1943 purgas
552 1875 621 1942 eos,
658 1876 747 1946 quos
777 1877 841 1946 ego
865 1858 953 1924 mihi
984 1858 1109 1946 scripsi
1132 1855 1310 1939 invidisse,
1334 1863 1369 1925 et
1391 1859 1429 1926 in
1450 1860 1500 1927 eis

383 1978 561 2066 Catonem,
597 2001 661 2070 ego
697 2002 778 2050 vero
815 1988 956 2051 tanturn
979 1982 1079 2050 ilium
1103 1986 1190 2072 puto
1209 1980 1254 2049 ab
1276 1983 1344 2052 isto
1368 1983 1499 2052 scelere

382 2104 523 2184 afuisse,
547 2111 587 2173 ut
610 2107 763 2175 maxime
787 2106 923 2176 doleam
948 2108 1028 2197 plus
1051 2107 1146 2196 apud
1170 2125 1226 2174 me
1238 2106 1499 2176 simulationem

382 2227 533 2296 aliorum
569 2250 675 2319 quarn
710 2232 814 2300 istius
839 2231 944 2300 fidem
969 2233 1120 2300 valuisse
1144 2232 1202 2316 (ad
1227 2232 1298 2300 Att.
1324 2231 1499 2322 111152).

382 2352 437 2421 Ab
461 2355 505 2422 iis
529 2375 585 2423 me
609 2357 722 2424 amari
735 2357 915 2445 putabam,
928 2356 1275 2446 quiinvidebant(ad
1289 2356 1313 2425 s.
1326 2356 1500 2447 1111111).

382 2478 496 2547 Invidi
521 2499 632 2569 paene
656 2501 779 2550 omnes
802 2480 864 2569 (ib.
888 2480 992 2569 3.2).”

427 2601 502 2672 Non
540 2604 653 2672 solum
689 2604 859 2672 invidiam
893 2606 929 2673 in
968 2605 1127 2694 pristinis
1161 2605 1283 2673 amicis
1306 2605 1366 2673 sed
1391 2607 1498 2676 etiam

381 2727 615 2815 proditionem
638 2736 674 2798 et
697 2729 811 2798 scelus
834 2728 1084 2817 deprehendit:
1109 2728 1214 2817 „Ego
1238 2730 1322 2817 quid
1348 2750 1498 2820 sperem,

381 2873 450 2921 non
494 2853 651 2942 dispicio,
691 2874 773 2922 cum
808 2854 942 2923 inimici
979 2854 1172 2944 plurimum
1209 2853 1358 2939 valeant,
1394 2857 1498 2925 amici

381 2978 509 3066 partim
544 2977 766 3047 deseruerint
800 2998 867 3062 me,
899 2979 1027 3067 partim
1051 2980 1159 3046 etiarn
1184 2979 1413 3069 prodiderint,
1437 2981 1498 3069 qui

380 3101 416 3170 in
470 3123 549 3171 meo
584 3103 702 3172 reditu
740 3104 889 3172 fortasse
925 3103 1233 3193 reprehensionem
1269 3105 1323 3173 sui
1358 3104 1499 3173 sceleris

380 3227 632 3316 pertimescant
666 3228 726 3316 (ad
762 3227 803 3309 Q.
839 3228 881 3296 ir.
914 3227 1031 3313 135).
1056 3227 1128 3316 Ego
1152 3229 1205 3310 iis,
1229 3229 1359 3317 quibus
1382 3250 1496 3298 meam

379 3350 529 3420 salutem
554 3353 771 3422 carissimam
792 3372 868 3421 esse
880 3352 1090 3437 arbitrabar,
1108 3354 1359 3422 inimicissimis
1371 3355 1498 3423 crude-

380 3475 591 3565 lissimisque
615 3497 701 3546 usus
725 3497 816 3563 sum,
832 3479 904 3566 qui,
916 3484 957 3546 ut
970 3498 1025 3545 me
1039 3478 1184 3567 paulum
1198 3477 1358 3547 inclinari
1371 3479 1497 3564 timore

381 3601 554 3685 viderunt,
579 3604 628 3671 sic
651 3603 881 3691 impulerunt,
905 3611 946 3670 ut
969 3604 1064 3671 omni
1084 3623 1148 3671 suo
1160 3602 1291 3671 scelere
1303 3610 1338 3670 et
1351 3603 1498 3692 perfidia

379 3723 611 3795 abuterentur
634 3727 679 3796 ad
702 3728 848 3795 exitium
873 3747 992 3796 meum
1017 3727 1076 3814 (ad
1101 3727 1174 3795 An.
1197 3727 1361 3816 111132).
1375 3728 1497 3797 Teoro

379 3853 415 3917 et
448 3849 603 3936 obsecro,
640 3852 677 3920 T.
714 3852 894 3941 Pomponi,
930 3853 958 3920 si
994 3871 1050 3919 me
1085 3852 1249 3920 omnibus
1273 3853 1498 3942 amplissimis

379 3975 568 4044 carissimis
614 3977 947 4065 iucundissimisque
991 3976 1095 4045 rebus
1130 3975 1277 4066 perfidia
1312 3975 1496 4045 hominum

379 4099 578 4189 spoliatum,
599 4102 627 4169 si
640 4123 697 4170 me
709 4123 730 4169 a
743 4102 830 4170 meis
843 4101 1049 4171 consiliariis
1062 4101 1238 4191 proditum
1253 4106 1288 4169 et
1301 4103 1496 4190 proiectum

380 4225 475 4293 vides
489 4278 496 4295 .
511 4276 519 4294 .
534 4279 563 4296 ..
600 4233 639 4294 ut
675 4246 730 4294 me
764 4232 828 4295 tua
861 4225 1101 4295 misericordia
1124 4226 1222 4294 iuves
1245 4227 1308 4314 (ib.
1331 4225 1435 4315 1193).
1460 4226 1496 4296 Si

380 4348 466 4418 fides
500 4369 635 4436 eorum,
667 4351 796 4440 quibus
819 4351 1044 4436 credidimus,
1067 4372 1137 4419 non
1162 4350 1349 4420 defuisset!
1375 4350 1494 4440 (20.1).
