3734 5518
968 737 1013 805 40

423 933 564 1002 invenio
601 952 780 1022 quamque
815 932 1024 1002 Boissier
1048 932 1342 1024 (l'oppositionp.
1366 933 1434 1002 tto
1457 937 1549 1023 sqq.)

426 1057 548 1126 multis
571 1056 810 1126 confirmavit:
836 1057 1002 1127 Ovidium
1027 1057 1224 1148 relegatum
1236 1079 1312 1127 esse
1324 1078 1411 1142 „ceu
1425 1059 1546 1128 suilla·

423 1187 549 1262 torem‚
581 1188 643 1250 aut
670 1181 873 1250 conscium''
897 1182 1086 1252 adulterini
1110 1184 1241 1252 amoris
1265 1183 1375 1252 Iuliae
1401 1184 1548 1252 minoris

425 1327 507 1375 cum
541 1305 579 1374 D.
611 1306 741 1389 Silano,
769 1327 924 1396 quorum
947 1307 1160 1397 supplicium
1184 1309 1220 1377 in
1244 1308 1398 1376 eundem
1423 1308 1546 1378 incidit

424 1450 570 1499 annum.
602 1431 663 1516 Eo,
699 1431 792 1520 quod
830 1437 933 1520 poeta
969 1452 1100 1522 poenas
1130 1433 1196 1501 luit
1219 1433 1412 1501 severiores
1436 1453 1545 1521 quam

426 1556 500 1644 ipse
537 1554 687 1639 adulter,
722 1558 784 1645 qui
818 1558 974 1627 amicitia
1004 1557 1164 1626 Caesaris
1186 1562 1327 1626 tantum
1352 1556 1550 1647 prohibitus

426 1679 710 1766 est1)‚indicari
738 1655 823 1770 puto
847 1702 917 1750 non
943 1682 1057 1750 solum
1082 1681 1236 1751 sodalem
1261 1681 1402 1750 illorum
1428 1681 1550 1766 „nobi-

429 1804 515 1872 lium
549 1805 729 1887 iuvenum‚
761 1807 832 1893 qui,
857 1805 1032 1874 adulterio
1057 1806 1152 1875 velut
1177 1811 1398 1875 sacramento
1422 1805 1549 1889 adacti,

424 1930 496 1999 iam
526 1929 713 1997 infractam
747 1935 902 1998 aetatem
936 1930 1090 2019 Augusti
1121 1930 1352 1999 territabant‘’
1388 1929 1484 2018 (Sen.
1509 1931 1551 1999 de

427 2055 522 2123 brev.
549 2075 578 2122 v.
602 2052 685 2142 to),
709 2075 862 2143 quorum
888 2055 1139 2124 familiaritatis
1161 2061 1301 2144 poetam
1316 2055 1551 2143 posteavalde

428 2178 602 2267 poenituit
618 2179 658 2266 2),
683 2178 742 2246 sed
768 2179 875 2248 etiam
902 2177 1040 2248 Musam
1063 2180 1140 2248 eius
1163 2179 1420 2269 corruptricem
1444 2179 1549 2248 casti·

428 2308 549 2391 gatam
573 2321 649 2370 esse
664 2302 705 2390 ³).

473 2426 517 2494 Et
552 2425 647 2495 hunc
677 2427 786 2516 igitur
813 2427 1003 2504 hominem,
1027 2427 1122 2517 quod
1148 2426 1300 2496 babebat
1325 2428 1552 2517 praestantis-

431 2551 560 2618 simum
603 2552 782 2638 ingenium
827 2551 986 2640 perdidit,
1026 2572 1108 2620 oum
1141 2553 1332 2641 potentiori
1369 2551 1553 2640 displicere

430 2675 557 2763 coepit.

472 3732 503 3812 l)
543 3733 607 3793 Tac.
630 3731 663 3792 Α.
685 3731 723 3792 lll
747 3735 794 3792 il.

473 3850 504 3927 2)
546 3847 608 3908 vid.
620 3865 644 3909 e.
656 3867 682 3926 g.
690 3848 737 3908 Tr.
745 3847 783 3908 lll
792 3851 869 3909 bil:
883 3847 1023 3908 amicitias
1032 3847 1083 3909 tibi
1095 3848 1277 3928 iungeparos.
1287 3847 1362 3909 lnlra
1372 3866 1432 3927 cap.
1441 3847 1554 3908 ultimo.

473 3967 503 4036 3)
543 3983 578 4024 ox
600 3963 629 4024 P.
652 3963 690 4024 lll
713 3964 795 4025 ant:
819 3962 894 4034 Quid
916 3972 1011 4024 tainen
1033 3963 1087 4024 boo
1109 3962 1222 4043 prodest
1245 3963 1323 4025 vetiti
1345 3963 1370 4024 si
1383 3964 1553 4042 legesevera

876 4079 982 4140 Credor
1002 4078 1134 4140 adulterii
1156 4079 1353 4159 composuisse
1375 4079 1473 4139 notus?

473 4195 514 4256 Gl.
538 4194 703 4256 Ribbeck
724 4193 826 4256 Gescb.
848 4193 876 4254 d.
899 4194 980 4255 Rom.
1003 4193 1147 4273 Dioblung
1168 4193 1194 4254 ll
1215 4212 1243 4273 p.
1265 4196 1332 4256 315.

474 4309 552 4370 Artis
586 4309 749 4372 Amatoriae
782 4308 848 4370 libri
881 4308 1061 4371 bibliothecis
1094 4307 1218 4388 publicis
1240 4309 1423 4370 arcebantur:
1446 4307 1492 4367 Tr.
1515 4306 1554 4367 lll

435 4428 504 4486 loo
524 4444 585 4504 sqq.
607 4444 643 4486 ex
666 4424 695 4486 P.
718 4426 732 4486 l
755 4428 810 4486 lb.
