3778 5488
978 677 1044 746 18⁴2

492 876 685 947 Consulum
700 877 811 945 virtus
823 896 893 943 non
907 874 1019 944 solum
1034 873 1258 943 tribunorum
1269 872 1381 961 plebis
1390 871 1448 938 sed
1460 869 1565 938 etiam

449 1009 652 1091 praetorum
672 1022 812 1069 summa
833 999 900 1067 lide
920 1007 956 1068 et
976 999 1155 1088 diligentia
1168 995 1479 1083 sublevabatur(p.
1493 994 1565 1062 red.

447 1125 468 1194 i.
490 1146 563 1194 sen.
583 1124 655 1209 18),
675 1145 826 1214 quorum
844 1126 1003 1193 omnium
1028 1162 1071 1173 -
1095 1129 1236 1212 praeter
1248 1143 1358 1191 unum
1374 1119 1518 1209 Appiu
1532 1138 1564 1185 m

447 1251 699 1328 Claudium,
723 1249 833 1320 Clodii
857 1249 1015 1330 fratrem,
1040 1268 1146 1338 quem
1171 1247 1413 1335 quaestionem
1437 1245 1480 1312 de
1504 1264 1565 1334 pe-

448 1377 561 1446 cuniis
582 1376 787 1465 repetundis
806 1375 969 1444 sortitum
997 1372 1118 1442 Cicero
1141 1371 1263 1452 Quinti
1286 1370 1407 1439 fratris
1427 1391 1468 1437 ex
1483 1369 1566 1437 Asia

451 1501 629 1569 redeuntis
664 1519 771 1568 causa
807 1498 986 1567 metuebat
1019 1497 1078 1583 (ad
1103 1498 1174 1565 Att.
1200 1495 1248 1565 ΙΙΙ
1272 1493 1364 1584 ΠΛ)
1388 1514 1565 1584 quemque

449 1632 569 1715 postea
592 1626 683 1694 salse
707 1625 829 1693 derisit
851 1627 930 1714 (pro
954 1622 1041 1692 Sest.
1065 1621 1199 1706 lbbcl.
1224 1619 1268 1689 ib.
1291 1619 1453 1709 78)-in
1467 1619 1565 1689 Cice-

448 1770 570 1818 runem
614 1745 754 1832 „omnia
795 1749 909 1818 officia
951 1770 1091 1818 summa
1132 1746 1399 1818 constiterunt.’'
1436 1744 1563 1812 lirant:

449 1875 485 1942 L.
510 1873 749 1958 Caecilius,
775 1873 819 1942 M.
845 1874 1059 1957 Calidius,
1084 1872 1121 1943 C.
1146 1872 1402 1962 Septimius,
1425 1868 1466 1949 Q.
1493 1869 1565 1938 Va-

445 1999 598 2082 lerius,
634 1998 670 2066 P.
705 1998 910 2082 Crassus,
945 1997 1039 2067 Sex.
1076 1997 1345 2079 Quintilius,
1384 1994 1420 2064 C.
1464 1994 1563 2064 Cor·

446 2130 584 2198 nutus
618 2123 666 2211 (p.
704 2122 776 2192 red.
811 2124 833 2190 i.
858 2142 930 2192 sen.
953 2121 1023 2211 23).
1060 2122 1095 2190 L.
1121 2120 1314 2191 Caecilii
1339 2120 1484 2189 domum
1509 2119 1562 2186 in-

445 2247 576 2316 stinctu
600 2245 710 2316 Clodii
734 2255 973 2336 oppugnatam
998 2247 1120 2316 scribit
1143 2246 1264 2316 Cicero
1288 2246 1369 2332 (pro
1395 2243 1467 2312 Mil.
1491 2241 1561 2332 38).

445 2371 618 2440 Asconius
653 2371 699 2458 (a.
737 2371 772 2456 Ι.)
807 2371 953 2461 insuper
986 2378 1126 2440 narrat:
1163 2370 1218 2453 .,ls
1246 2370 1448 2455 (Caecilius)
1480 2390 1560 2437 cum

445 2498 577 2564 faceret
611 2495 712 2564 ludos
748 2495 979 2585 Apollinares,
1002 2498 1052 2564 itu
1079 2497 1201 2564 intima
1226 2501 1347 2564 coacta
1374 2493 1561 2562 multitudo
1646 2507 1649 2514 ⁴

445 2639 606 2687 annonae
630 2620 777 2688 caritate
796 2620 1014 2689 tumultuata
1026 2630 1089 2701 est,
1102 2629 1143 2688 ut
1154 2639 1286 2698 omnes,
1300 2620 1361 2708 qui
1374 2619 1408 2687 in
1423 2619 1562 2686 theatro

445 2743 626 2833 spectandi
650 2764 757 2812 causa
769 2744 1010 2828 consederant,
1026 2743 1273 2833 pellerentur.”
1293 2744 1337 2814 M.
1357 2743 1562 2814 Calidius

446 2867 564 2937 statim
589 2867 793 2957 designatus
816 2869 1007 2938 declaravit
1031 2890 1160 2959 „quam
1184 2879 1277 2938 esset
1301 2890 1384 2938 cara
1404 2870 1469 2938 sibi
1484 2889 1563 2937 mea

444 2991 561 3060 salus’'
586 2997 634 3082 (p.
660 2993 732 3061 red.
756 2994 791 3062 in
816 3013 890 3062 sen.
914 2993 988 3079 2⁴2);
1012 2993 1183 3074 Quintum
1204 2993 1350 3062 fratrem
1364 2994 1486 3064 Cicero
1499 2994 1559 3062 ad·

445 3117 608 3188 hortatur
643 3125 693 3201 ut,
727 3119 755 3186 si
790 3118 881 3188 forte
914 3118 998 3208 quid
1033 3119 1196 3187 futurum
1231 3120 1281 3188 sit
1305 3119 1493 3204 molestiae,
1517 3119 1559 3187 ad

444 3241 609 3312 Crassum
644 3249 680 3312 et
705 3242 878 3312 Calidium
903 3263 941 3311 se
963 3243 1122 3312 conferat
1145 3243 1204 3331 (ad
1230 3243 1270 3324 Q.
1294 3244 1336 3313 fr.
1368 3243 1488 3334 lar).
1513 3243 1561 3311 De

444 3369 570 3438 ceteris
593 3368 679 3436 nibil
704 3368 881 3457 peculiare
906 3370 1095 3438 memoriae
1119 3370 1287 3440 traditum
1312 3377 1375 3439 est.
1395 3409 1440 3418 -

491 3491 684 3560 Maximum
719 3492 876 3561 fructum
911 3492 1033 3563 Cicero
1067 3494 1147 3563 exul
1181 3498 1337 3584 percepit
1372 3515 1414 3563 ex
1448 3494 1561 3563 ollieio

442 3615 512 3685 Cn.
549 3615 736 3696 Planoii,
771 3619 832 3705 qui
863 3619 899 3685 in
927 3618 1131 3688 Macedonia
1156 3626 1322 3708 quaestor
1348 3619 1382 3688 L.
1409 3618 1561 3710 Appulei

445 3741 682 3828 propraetoris
705 3746 781 3809 erat
804 3743 885 3830 (pro
908 3743 1026 3813 Plano.
1051 3743 1121 3833 28).
1142 3744 1175 3812 ls
1195 3745 1343 3814 simulac
1355 3742 1559 3813 Ciceronem

445 3863 705 3952 Dyrrhachium
741 3867 898 3955 attigisse
932 3868 1076 3950 audivit,
1099 3869 1192 3938 illico
1204 3868 1386 3938 lictoribus
1398 3868 1560 3952 dimissis,

443 3988 640 4076 insignibus
663 3989 818 4073 abiectis,
846 3998 937 4060 veste
963 4000 1099 4062 mutata
1123 3995 1166 4062 ad
1191 4014 1272 4062 eum
1298 3993 1477 4082 profectus
1508 3999 1561 4060 est

444 4111 512 4199 (Cf.
536 4134 600 4200 pro
637 4113 754 4183 Plane.
778 4114 846 4200 98).
872 4114 959 4198 „Hic
983 4137 1047 4205 ego
1070 4138 1167 4188 nune
1189 4117 1233 4185 de
1258 4123 1419 4207 praetore
1443 4118 1561 4187 Mace-

443 4237 569 4306 doniae
603 4238 690 4306 nibil
725 4239 839 4308 dicam
876 4241 1028 4331 amplius
1062 4243 1129 4309 nisi
1160 4263 1240 4311 eum
1274 4250 1309 4310 et
1333 4245 1444 4312 civem
1469 4245 1560 4333 opti-

446 4383 542 4431 mum
568 4383 708 4452 semper
730 4371 766 4433 et
785 4365 872 4432 mibi
892 4366 1044 4434 amicum
1058 4367 1177 4453 fuisse,
1190 4368 1251 4436 sed
1263 4369 1387 4437 eadem
1401 4369 1559 4438 timuisse
