3778 5488
897 704 961 772 185

408 905 444 973 L.
481 903 752 974 Cornelius
787 902 1034 970 Lentulus
1064 901 1198 984 Orus,
1223 902 1284 990 qui
1309 901 1346 969 P.
1370 901 1481 970 Clodii

362 1035 548 1098 accusator
581 1027 699 1097 fuerat
734 1027 793 1114 (de
831 1027 904 1096 har.
930 1047 1021 1116 resp.
1045 1025 1100 1095 37.
1124 1025 1176 1096 Gl.
1200 1027 1243 1094 ad
1269 1026 1482 1095 11111113

362 1163 399 1222 et
430 1154 477 1223 ibi
502 1153 636 1238 Boot),
657 1158 798 1242 praetor
822 1157 870 1236 (1.
893 1151 953 1237 58)
978 1172 1042 1241 pro
1065 1150 1232 1220 Cicerone
1257 1150 1293 1220 L.
1318 1149 1480 1220 Pisonem

363 1278 542 1348 consulem
567 1277 777 1367 deprecatus
800 1282 853 1344 est
876 1275 927 1364 (in
953 1275 1019 1344 Pis.
1045 1274 1113 1364 77).

408 1403 445 1470 L.
470 1403 696 1472 Domitius
717 1399 1481 1485 Ahenobarbus‚aVettloindiceconiu·

363 1529 509 1597 rationis
542 1529 576 1596 in
613 1528 820 1616 Pompeium
856 1525 1081 1595 insimulatus
1116 1526 1174 1608 (ad
1213 1525 1283 1594 An.
1318 1523 1349 1593 ll
1388 1523 1481 1614 243)

361 1655 481 1742 itaque
505 1654 574 1722 iam
599 1659 675 1721 tum
700 1653 965 1721 triumvirorum
991 1650 1224 1732 adversarius,
1248 1670 1353 1738 quem
1380 1669 1481 1738 prae·

362 1783 474 1848 torem
509 1777 731 1867 designatum
767 1775 888 1845 Cicero
923 1797 954 1844 a.
989 1775 1034 1843 59
1064 1776 1156 1843 iuter
1186 1775 1416 1844 amicissimos
1446 1783 1482 1842 et

362 1902 555 1971 acerrimos
589 1903 682 1972 cives
718 1901 890 1970 recensuit
927 1899 986 1987 (ad
1022 1897 1062 1978 Q.
1098 1899 1140 1966 fr.
1176 1898 1317 1983 lale),
1342 1905 1483 1986 praetor

361 2046 393 2094 a.
417 2024 461 2094 58
484 2026 572 2095 dixit
595 2046 632 2094 se
656 2026 851 2094 relaturum
876 2044 952 2093 esse
975 2024 1035 2112 (ad
1060 2025 1132 2093 Att.
1156 2023 1204 2093 Jll
1228 2023 1332 2112 156).

406 2149 446 2232 Q.
470 2151 637 2220 Fabius
660 2151 807 2239 Sanga
826 2171 908 2218 cum
921 2149 999 2218 aliis
1012 2170 1075 2239 pro
1087 2149 1254 2218 Cicerone
1268 2148 1303 2217 L.
1318 2148 1479 2217 Pisonem

361 2275 541 2344 consulem
565 2275 775 2364 deprecatus
799 2280 852 2343 est
875 2275 925 2361 (in
952 2273 1018 2341 Pis.
1046 2272 1115 2361 77).

407 2397 1480 2491 L.GelliusPOplicola‚„quiasuamclassemattempta·

362 2530 435 2592 tam
461 2544 589 2614 magno
612 2547 693 2595 cum
719 2545 783 2595 suo
804 2525 959 2614 periculo
980 2544 1090 2614 paene
1111 2525 1231 2606 sensit,
1244 2523 1332 2591 dixit
1345 2524 1379 2591 in
1394 2543 1476 2591 con·

360 2649 466 2732 tione,
491 2649 520 2717 si
544 2669 608 2739 ego
632 2650 766 2732 consul,
786 2669 866 2720 cum
884 2650 946 2734 lui,
961 2669 1028 2717 non
1044 2649 1200 2730 fuissem,
1213 2668 1288 2716 rem
1304 2647 1478 2736 publicum

361 2773 522 2842 funditus
557 2775 780 2844 interituram
816 2775 924 2845 luisse
959 2778 1052 2864 (post
1088 2774 1160 2842 red.
1196 2773 1239 2842 ad
1277 2772 1373 2853 Quir.
1410 2771 1480 2858 17),

362 2897 449 2966 milri
570 2900 718 2969 civicam
753 2920 919 2969 coronam
955 2899 1075 2968 deberi
1107 2921 1128 2968 1
1159 2919 1197 2967 re
1230 2899 1369 2988 publica
1392 2897 1480 2965 dixit

361 3022 583 3112 (111Ρ15.6).”

407 3147 452 3216 M.
477 3149 715 3217 Iuventius
738 3149 1013 3232 Laterensis,
1038 3149 1142 3217 homo
1162 3148 1480 3236 diesatquenoctis

359 3271 403 3339 de
426 3270 531 3340 laude
554 3281 589 3340 et
612 3273 655 3340 de
680 3293 717 3341 re
742 3271 882 3362 publica
902 3273 1060 3362 cogitans
1079 3272 1130 3360 (iu
1153 3272 1229 3341 Vnt.
1246 3271 1351 3360 ueta
1368 3271 1479 3341 Vettio

359 3396 474 3465 indice
498 3398 701 3466 nominatus
724 3404 777 3465 est
801 3397 861 3486 (ib.
887 3396 939 3466 (ll.
964 3397 1007 3466 ad
1029 3395 1266 3482 Atellata).
1288 3395 1478 3480 „Quicum

361 3521 446 3589 mihi
481 3541 575 3590 esses
607 3523 850 3606 amicissimus,
875 3542 956 3590 cum
984 3522 1036 3590 vel
1061 3522 1257 3612 periculum
1283 3523 1373 3590 vitae
1396 3529 1479 3591 tuac

362 3665 500 3715 mecum
525 3648 659 3716 sociare
683 3648 861 3730 voluisses,
881 3668 961 3715 cum
985 3648 1095 3716 mein
1115 3648 1176 3715 illo
1194 3648 1288 3715 tristi
1306 3646 1479 3717 etacerbo

361 3770 458 3839 luctu
483 3777 589 3859 atque
613 3771 769 3841 discessu
794 3792 863 3840 non
885 3771 1039 3841 lacrimis
1054 3772 1168 3840 solum
1183 3773 1262 3855 1115,
1276 3771 1479 3856 5111111111,

360 3915 517 3984 corpore,
552 3897 662 3986 copiis
693 3903 900 3986 prosecutus
931 3915 1035 3980 esses,
1067 3917 1147 3966 cum
1173 3917 1270 3965 meos
1294 3897 1421 3967 liberos
1444 3905 1480 3967 et

361 4040 506 4089 uxorem
529 4041 584 4089 me
604 4021 748 4090 absente
763 4023 835 4090 tuis
851 4021 977 4111 opibus
992 4022 1192 4111 auxilioque
1209 4021 1424 4090 delendisses
1434 4073 1442 4090 .
1453 4074 1478 4091 ..

361 4143 441 4233 (pro
465 4143 582 4214 Plano.
607 4144 699 4234 73).”

406 4265 453 4337 M.
478 4268 673 4338 Laenius
696 4270 904 4339 Flaccus:
930 4269 1180 4353 „Brundisium
1204 4270 1281 4338 veni
1297 4270 1479 4360 velpctius

360 4392 404 4460 ad
443 4394 580 4462 moenia
611 4394 761 4463 accessi.
779 4447 785 4462 .
801 4445 830 4462 ..
863 4395 898 4462 in
924 4394 1044 4464 hortos
1068 4415 1124 4463 mc
1150 4393 1195 4462 M.
1221 4394 1341 4464 Laeuii
1365 4395 1480 4466 Flacci
