3734 5518
430 867 524 935 enim
560 887 636 936 esse
669 867 839 957 quiddam
871 867 905 934 in
931 886 970 934 re
993 865 1135 955 publica
1159 871 1343 956 praestans
1365 871 1401 933 et
1423 866 1551 955 regale,

430 1010 506 1060 esso
529 990 623 1060 aliud
648 992 850 1061 auctoritati
869 991 1068 1081 principum
1083 992 1302 1081 impartitum
1319 998 1355 1059 et
1366 990 1551 1075 tributum,

430 1127 506 1183 esse
542 1115 714 1208 quasdam
750 1135 808 1183 res
830 1120 989 1183 servatas
1011 1115 1141 1183 iudicio
1164 1113 1407 1204 voluntatique
1431 1114 1551 1183 multi-

429 1238 563 1306 tudinis
578 1240 640 1326 ¹).”
693 1299 696 1309 .

474 1360 787 1432 verumenimvero
822 1385 853 1432 a.
889 1362 932 1431 70
966 1363 1198 1450 aequabilitas
1221 1364 1256 1431 in
1281 1363 1462 1453 republica
1485 1361 1552 1431 sub

430 1486 667 1554 dominatione
702 1487 927 1576 optimatium
962 1488 1106 1556 minime
1143 1494 1220 1556 erat
1251 1493 1287 1555 et
1309 1488 1446 1575 equites
1469 1506 1550 1555 cum

429 1610 661 1699 popularibus
684 1612 760 1679 sine
784 1611 899 1679 alieno
916 1611 1129 1680 subsidio—
1143 1610 1238 1679 velut
1250 1608 1395 1699 Pompei
1407 1610 1550 1679 militari
1635 1631 1641 1638 ·

429 1736 639 1803 auctoritate
683 1775 721 1784 -
758 1735 860 1824 longe
894 1742 997 1803 erant
1030 1735 1224 1804 inferiores.
1265 1733 1433 1803 Laetitiae
1467 1755 1550 1823 ergo

429 1857 588 1928 Ciceroni
621 1860 690 1928 fuit
725 1860 779 1928 bis
813 1860 977 1928 restituta
1007 1833 1234 1929 tribunorum
1268 1864 1451 1948 potestate,
1482 1858 1550 1926 illis

431 1982 499 2050 alia
533 1983 692 2053 iudicum
726 1983 960 2073 descriptione
984 1989 1193 2073 potestatam
1217 1987 1359 2052 auctam
1382 2001 1469 2050 esse.
1493 1982 1550 2051 Sic

430 2107 474 2175 ad
499 2108 679 2176 meliorem
704 2129 823 2177 rerum
843 2114 975 2177 statum
987 2109 1031 2177 iri
1044 2107 1241 2178 somniabat
1254 2114 1290 2176 et
1303 2129 1346 2177 ex
1358 2108 1549 2196 longinquo

428 2252 573 2301 cernere
585 2232 652 2301 sibi
667 2233 760 2301 visus
771 2238 825 2301 est
836 2238 978 2322 tempus
990 2254 1061 2322 quo
1070 2232 1231 2301 futurum
1242 2238 1344 2317 esset,
1354 2232 1549 2302 utenfaece

429 2355 568 2424 Romuli
591 2343 698 2444 prisci
721 2354 885 2440 Quirites
909 2376 952 2424 ex
976 2357 1141 2446 Pompeio
1164 2357 1289 2446 Scipio,
1303 2377 1346 2425 ex
1359 2376 1396 2424 se
1408 2355 1549 2424 Laelius

371 2541 379 2553 ,
427 2480 610 2548 exsisteret
621 2480 662 2568 2),
699 2501 772 2568 quo
813 2486 994 2549 senatores
1028 2481 1163 2548 strenui
1194 2487 1310 2548 essent
1345 2487 1380 2547 ct
1418 2480 1548 2568 integri
1685 2477 1693 2488 '

428 2623 544 2692 neque
573 2605 645 2672 iam
679 2609 925 2692 exspectantes
949 2605 1033 2672 dum
1059 2603 1125 2673 sibi
1149 2604 1405 2673 dormientibus
1429 2605 1549 2672 omnia

430 2727 550 2817 populi
574 2728 722 2796 Romani
742 2727 912 2798 beneficia
924 2727 1148 2796 deferrentur
1162 2729 1203 2816 ³).
1216 2727 1428 2796 Persuasum
1440 2729 1549 2815 igitur

429 2853 461 2920 ei
486 2851 554 2920 luit
577 2852 841 2921 damnationem
865 2850 985 2921 Verris
1008 2873 1078 2922 non
1102 2856 1239 2942 gratam
1264 2857 1404 2921 tantum
1417 2853 1547 2941 populo

429 2977 491 3045 sed
516 2977 624 3046 etiam
648 2976 872 3045 utilissimam
896 2977 982 3047 lore.
1119 2961 1121 2964 ⁵

473 3100 573 3169 Vana
607 3120 668 3189 spo
698 3102 896 3186 tenebatur,
928 3121 1051 3169 amnes
1073 3106 1170 3170 retro
1194 3101 1237 3169 ad
1263 3101 1378 3169 sontes
1399 3121 1470 3169 non
1495 3101 1547 3170 la-

429 3224 572 3293 buntur.
604 3223 730 3294 Modus
750 3226 887 3304 unicus
914 3245 983 3314 quo
1009 3225 1241 3314 reipublicae
1267 3245 1380 3294 novus
1403 3227 1548 3314 sanguis

426 3347 566 3417 infundi
589 3349 770 3438 potuisset,
795 3351 961 3439 antiquae
985 3349 1137 3419 civitatis
1160 3349 1270 3417 indoli
1292 3350 1342 3417 ita
1369 3369 1548 3439 repugna·

429 3473 499 3556 bat,
534 3480 574 3541 ut
609 3492 652 3541 ne
687 3474 853 3562 cuiquam
885 3473 1028 3563 quidem
1060 3474 1137 3540 eius
1159 3474 1196 3541 in
1222 3478 1375 3541 mentem
1400 3475 1545 3542 venerit.

429 3595 601 3684 Agricolis
635 3596 766 3666 Italicis
792 3597 821 3665 si
845 3596 1051 3666 absentibus
1076 3595 1244 3686 suffragia
1266 3596 1359 3665 ferre
1379 3597 1545 3684 licuisset,

427 3719 473 3788 ab
497 3719 551 3788 bis
574 3720 649 3787 sine
672 3719 781 3789 dubio
804 3720 949 3788 libertas
973 3719 1063 3788 fulta
1082 3720 1262 3808 fuisset4).

468 3883 500 3955 l)
539 3881 574 3942 do
596 3899 655 3960 rep.
677 3881 745 3942 169
764 3879 932 3942 Boissier
950 3880 1007 3943 Cic.
1019 3899 1043 3942 e.
1055 3900 1079 3942 s.
1091 3900 1115 3943 u.
1128 3883 1280 3961 p.3lsqq.
1292 3881 1326 3942 0.
1338 3881 1546 3942 E.Schmidt

428 3995 522 4058 Briele
546 3996 660 4058 Ciceros
681 3997 693 4056 l
714 3997 819 4076 (leod)
839 4016 866 4077 p.
888 3999 917 4068 l,
939 4000 966 4069 t),
989 4000 1037 4075 29,
1059 3999 1098 4060 30
1118 3995 1167 4057 alii
1190 3996 1283 4058 multi.

469 4115 500 4186 2)
539 4111 574 4172 ad
596 4111 663 4173 lam.
685 4111 708 4170 V
731 4113 837 4186 7.3(a.
858 4114 918 4187 62).

469 4228 499 4299 3)
542 4227 619 4288 Verr.
641 4225 666 4287 V
688 4227 756 4288 180.

468 4344 500 4417 l)
540 4341 581 4404 Gl.
604 4342 639 4403 nd
661 4341 718 4404 lu.
740 4342 766 4403 ll
790 4345 860 4404 l3d
880 4343 918 4424 (a.
941 4347 1007 4423 59):
1031 4344 1106 4425 „ipsi
1127 4344 1545 4424 ogriregnumvestrumlerre
