3792 5486
877 722 942 790 167

344 918 532 1009 Pompeius
567 919 686 989 omnia
723 918 910 1008 pollicetur
943 924 978 987 et
1009 918 1148 1005 Caesar,
1180 917 1309 1007 quibus
1331 938 1396 1008 ego
1418 919 1468 988 ita

346 1043 464 1127 credo,
489 1049 529 1113 ut
552 1043 639 1112 nihil
664 1043 706 1112 de
734 1062 812 1112 mea
835 1043 1097 1130 comparatione
1121 1043 1323 1112 deminuam
1348 1044 1406 1132 (ad
1428 1043 1467 1125 Q·

344 1170 387 1237 ir.
412 1166 579 1257 12.ld)’'.

390 1294 429 1363 In
457 1313 597 1363 summo
623 1299 742 1362 antem
767 1293 970 1362 discrimine
993 1293 1181 1382 Pompeius
1204 1293 1352 1362 Caesare
1366 1314 1469 1384 prae·

344 1419 416 1488 lato
451 1418 657 1488 Ciceronem
693 1418 849 1486 deseruit
885 1418 942 1486 cui
967 1417 1178 1508 periclitanti
1202 1439 1305 1487 omne
1329 1421 1469 1508 negavit

347 1543 529 1622 auxilium,
565 1549 606 1611 ut
639 1551 788 1632 apparet
822 1563 865 1610 ex
900 1543 942 1610 iis
977 1563 1068 1630 quae
1103 1547 1224 1630 postea
1254 1543 1394 1634 scripsit
1423 1543 1466 1612 ad

348 1668 506 1736 Atticum
541 1666 605 1756 (Ill
642 1664 732 1750 talu
756 1667 799 1736 de
825 1669 964 1756 Pompei
990 1667 1107 1736 minus
1131 1665 1266 1736 liberali
1290 1687 1468 1756 responso,

346 1813 416 1881 quo
451 1793 661 1883 perterritus
695 1792 829 1861 suisset.
863 1792 1082 1882 Responsum
1114 1793 1223 1861 fuisse
1249 1792 1403 1861 videtur:
1430 1813 1467 1862 se

347 1916 585 2007 (Pompeium)
620 1917 708 1985 nihil
743 1923 867 1986 contra
898 1916 1003 1987 huius
1034 1917 1225 2007 (Caesaris)
1251 1917 1465 1987 voluntatem

346 2043 463 2112 facere
487 2061 587 2131 posse
612 2041 672 2130 (ad
698 2042 769 2110 Att.
794 2041 827 2108 X
845 2039 901 2110 43
913 2042 963 2111 Os.
978 2041 1026 2111 Ill
1038 2041 1113 2110 l8.l
1128 2043 1185 2111 cit.
1201 2063 1232 2130 p.
1244 2041 1311 2109 168
1322 2041 1401 2131 sq.).
1426 2041 1465 2110 ln

349 2165 578 2251 orationibus
614 2187 702 2254 quas
726 2172 805 2255 post
827 2165 980 2236 reditum
1005 2166 1139 2246 habuit,
1163 2167 1380 2236 artissimum
1403 2186 1468 2255 per

346 2311 451 2360 omne
487 2291 554 2360 hoo
584 2297 725 2380 tempus
755 2291 930 2360 amicitiae
954 2291 1133 2360 vinculum
1158 2291 1266 2360 tuisse
1290 2291 1466 2360 affirmare

346 2437 415 2485 non
450 2416 593 2484 desinit:
627 2415 752 2500 „Hunc
776 2415 969 2504 (Clodium)
997 2417 1048 2484 vir
1070 2416 1286 2484 clarissimus
1309 2415 1466 2504 mihique

347 2540 467 2609 multis
491 2541 772 2630 repugnantibus
795 2541 1039 2624 amicissimus,
1063 2540 1124 2609 Cn.
1151 2540 1349 2629 Pompeius,
1370 2541 1466 2609 omni

346 2665 519 2750 cantione,
553 2665 705 2749 foedere,
740 2665 978 2734 exsecratione
1003 2665 1209 2734 devinxerat
1231 2664 1319 2734 nibil
1342 2666 1377 2734 in
1401 2667 1466 2734 tri·

346 2789 481 2859 bunatu
517 2795 641 2858 contra
676 2809 732 2858 me
768 2809 842 2858 esse
874 2790 1053 2858 iacturum
1089 2789 1168 2878 (pro
1201 2790 1287 2860 Sest.
1317 2789 1464 2880 15)....

347 2917 460 2983 virum
485 2914 682 2983 studiosum
708 2915 776 2982 mei
800 2914 862 3001 (ib.
886 2913 956 3002 tl).
983 2915 1038 2982 Me
1062 2913 1121 2984 Cn.
1144 2914 1332 3005 Pompeius
1347 2915 1466 2984 multis

345 3038 595 3108 obsistentibus
629 3039 705 3107 eius
728 3059 812 3127 erga
837 3059 892 3106 me
916 3038 1032 3107 studio
1056 3045 1162 3128 atque
1186 3040 1298 3108 amori
1322 3059 1462 3129 semper

344 3164 475 3248 dilexit,
498 3183 638 3253 semper
660 3184 725 3231 sua
748 3164 994 3233 coniunctione
1019 3162 1264 3252 dignissimum
1284 3164 1464 3248 iudicavit,

345 3309 485 3377 semper
518 3308 589 3357 non
619 3289 723 3357 modo
747 3287 971 3372 incolumem,
996 3287 1184 3355 sedetiam
1207 3287 1463 3376 amplissimum

344 3420 450 3502 atque
486 3413 750 3482 ornatissimum
788 3411 898 3480 voluit
932 3431 1007 3480 esse
1039 3412 1089 3500 (in
1122 3411 1189 3482 Pis.
1215 3411 1307 3499 76).”
1330 3451 1374 3462 -
1396 3413 1464 3480 Pro

345 3537 456 3606 Sestio
490 3535 535 3605 39
568 3543 687 3605 tamen
723 3535 849 3605 leniter
879 3543 914 3604 et
945 3535 1166 3604 auditoribus
1198 3537 1283 3605 satis
1317 3536 1465 3606 obscure

343 3661 513 3730 illiberale
537 3661 624 3729 illud
648 3680 856 3750 responsum
877 3661 1009 3749 tangit:
1035 3659 1211 3747 „Auctore
1224 3661 1285 3730 Cn.
1299 3661 1465 3750 Pompeio

344 3786 537 3856 clarissimo
574 3787 646 3853 viro
680 3785 836 3874 mihique
871 3791 906 3852 et
938 3806 1033 3854 nunc
1064 3791 1100 3853 et
1123 3787 1239 3874 quoad
1265 3785 1363 3855 licuit
1386 3786 1466 3875 (per

344 3911 529 3980 Caesarem
554 3931 613 3994 sc,
637 3910 703 3979 vid.
729 3910 875 3998 Halm)
899 3910 1144 3980 amicissimo.'’
1171 3951 1209 3959 -

388 4034 573 4104 Exulantis
607 4036 748 4104 animus
782 4035 935 4125 primum
961 4034 1078 4103 subita
1101 4035 1296 4104 desectione
1320 4034 1465 4124 Pompei

344 4159 403 4248 (ad
439 4158 479 4240 Q.
514 4160 557 4228 sr.
593 4159 608 4228 l
642 4157 713 4247 lull)
748 4158 913 4228 turbatus
937 4166 1000 4240 est,
1024 4179 1130 4249 quem
1152 4160 1217 4228 sibi
1241 4160 1463 4249 pertimuisse

344 4284 586 4355 arbitrabatur
610 4285 671 4372 (ib.
685 4284 731 4374 §l
746 4307 754 4350 τ
773 4285 951 4369 „intimus
964 4285 1155 4374 proximus,
1169 4284 1464 4354 familiarissimus

345 4411 494 4499 quisque
512 4408 578 4478 sibi
590 4411 794 4500 pertimuit''
807 4409 850 4478 ad
864 4408 1071 4499 Pompeium
1084 4410 1260 4510 pertinere
1274 4407 1463 4499 videntur),
