3734 5518
468 907 612 976 ductam
637 925 699 994 per
722 905 802 990 otia,
826 924 917 993 quae
940 910 1126 972 suaserant
1139 904 1433 989 Aoniaesornres,
1447 903 1588 993 paucis·

467 1032 566 1101 simis
589 1029 706 1099 verbis
728 1049 896 1098 enarrare
920 1048 1118 1118 possumus.

512 1156 560 1225 Ut
592 1157 667 1245 ipse
702 1154 812 1224 coluit
847 1153 997 1222 maiores
1031 1160 1163 1242 poetes,
1198 1153 1247 1222 sic
1282 1173 1364 1222 eum
1400 1153 1587 1223 coluerunt

470 1281 623 1349 minores
656 1286 702 1363 et,
740 1279 834 1368 quod
871 1299 993 1347 rarum
1027 1284 1091 1359 est,
1127 1286 1209 1346 ante
1245 1282 1395 1347 mortem
1429 1279 1462 1347 ei
1487 1278 1589 1347 Musa

467 1404 618 1474 sublime
664 1424 793 1474 nomen
839 1402 981 1473 tribuit:
1028 1410 1178 1493 quartus
1223 1403 1292 1471 iam
1339 1403 1439 1472 virus
1472 1403 1588 1472 dictus

467 1536 521 1598 est
552 1529 790 1598 Romanorum
816 1534 920 1618 poeta
942 1528 1127 1618 elegiacos,
1152 1526 1296 1597 Praeter
1321 1528 1408 1598 haec
1430 1527 1518 1596 nihil
1542 1527 1587 1596 ab

467 1654 543 1746 ipso
577 1653 621 1720 de
656 1654 727 1721 vita
760 1653 951 1722 edocemur
974 1654 1040 1721 nisi
1063 1658 1137 1721 tres
1160 1672 1242 1720 eum
1269 1651 1432 1721 habuisse
1459 1671 1587 1721 uxores

467 1783 504 1845 et
533 1797 576 1844 ex
600 1798 672 1846 una
688 1779 716 1866 1)
740 1797 864 1846 earum
888 1777 1008 1847 filiam.
1032 1776 1151 1845 Tertia
1174 1796 1264 1844 uxor
1285 1796 1329 1844 ex
1350 1782 1455 1865 gente
1478 1775 1587 1846 Fabia

468 1903 527 1991 (ex
563 1902 600 1972 P.
637 1901 650 1970 1
680 1902 796 1992 2136)
830 1911 865 1972 et
890 1902 1006 1970 Liviae
1031 1908 1069 1971 ut
1093 1902 1207 1970 amica
1231 1899 1304 1989 (Tr.
1330 1901 1461 1990 1625)
1485 1902 1587 1970 aulae

468 2027 628 2116 proxima
650 2027 728 2096 fuit.
752 2027 828 2096 Hac
851 2047 889 2096 re
912 2033 948 2096 et
960 2048 1002 2095 eo
1014 2027 1106 2116 quod
1121 2035 1242 2116 postea
1255 2027 1586 2115 Metamorphoseon

467 2157 503 2220 et
514 2151 698 2221 Fastorum
713 2151 812 2220 libris
823 2151 1018 2221 scribendis
1028 2151 1204 2221 levitatem
1221 2153 1377 2242 priorum
1387 2151 1587 2220 carminum

468 2275 640 2344 redimere
664 2282 812 2345 conatus
834 2296 910 2344 esse
934 2277 1074 2346 videtur
1088 2278 1129 2366 2),
1152 2276 1311 2346 adducor
1333 2283 1374 2345 ut
1397 2275 1585 2344 fidemnon

468 2420 613 2488 prorsus
652 2420 776 2490 negem
811 2401 1054 2470 Boissierii
1090 2403 1244 2490 opinioni
1260 2404 1302 2492 ³),
1326 2421 1408 2470 eum
1435 2401 1585 2490 Augusti

467 2523 624 2592 favorem
643 2525 848 2613 cantavisse,
861 2531 901 2592 ut
914 2523 1014 2594 fieret
1027 2526 1161 2614 Virgilii
1174 2527 1380 2614 Horatiique
1393 2545 1585 2594 successor.

468 2647 534 2716 Sed
571 2647 754 2736 Angustus
783 2643 943 2718 'oblivisci
975 2670 1045 2718 non
1070 2655 1208 2739 poterat
1231 2651 1379 2719 Amores
1402 2655 1438 2718 et
1461 2649 1584 2718 Artem

334 2833 335 2836 ,
469 2771 700 2851 Amatoriam
735 2773 864 2861 quibus
896 2773 1042 2842 consilia
1075 2794 1150 2858 sue,
1182 2774 1315 2844 scilicet
1346 2782 1385 2843 nt
1420 2775 1585 2863 antiquos

471 2915 584 2964 mores
608 2902 799 2980 revocaret,
823 2897 1068 2982 irriderentur,
1092 2899 1269 2985 ingentem
1295 2899 1414 2967 statim
1427 2899 1583 2968 favorem

468 3019 561 3109 apud
609 3021 774 3109 aequales
816 3023 991 3090 invenisse
1006 3026 1047 3110 4).
1093 3023 1184 3091 Nam
1227 3023 1308 3092 licet
1342 3024 1478 3112 privata
1514 3025 1585 3092 vita

468 3146 663 3214 necessarie
691 3147 909 3216 demonstret
933 3148 1027 3216 hunc
1051 3168 1189 3215 morum
1215 3148 1410 3236 priscorum
1426 3169 1582 3216 amorem

468 3289 536 3337 nou
581 3289 624 3338 ex
658 3271 769 3360 ipsius
802 3271 919 3340 indole
954 3272 1151 3362 profectum
1188 3291 1264 3340 esse
1301 3273 1342 3361 5),
1377 3277 1494 3340 tamen
1533 3274 1587 3341 vir

508 3519 539 3596 i)
580 3519 740 3580 Secundam
763 3519 853 3582 foisse
874 3520 1051 3600 argumentis
1072 3520 1586 3600 probabilibusconfirmatOwenF

466 3651 494 3712 ρ.
516 3633 615 3694 XVIII.

507 3753 538 3824 ἢ)
578 3751 620 3811 Gi.
641 3750 689 3810 Tr.
711 3750 736 3810 ΙΙ
758 3752 926 3823 333-338,
948 3754 1116 3814 ‘sm-562.

508 3867 538 3941 3)
578 3864 771 3946 L’opposition
794 3885 820 3946 p.
844 3869 903 3928 128
923 3886 966 3946 sq.
988 3867 1051 3929 vide
1073 3887 1160 3948 supra
1181 3887 1243 3948 pag.
1265 3872 1284 3930 8
1305 3877 1333 3931 et
1353 3870 1430 3931 Fasti
1452 3870 1464 3930 1
1486 3873 1542 3934 ii:

653 4025 780 4088 Caesaris
800 4045 878 4088 arma
900 4035 1002 4089 canant
1023 4027 1082 4100 alii,
1104 4046 1156 4089 nos
1177 4029 1305 4090 Caesaris
1325 4047 1397 4090 aras.

506 4187 537 4260 i)
578 4185 745 4248 Boissier
766 4186 960 4268 L'opposition
982 4207 1009 4268 p.
1023 4190 1080 4250 137
1091 4205 1167 4258 ann,
1180 4187 1230 4249 obi
1241 4188 1366 4250 citantur
1376 4189 1440 4250 Am.
1453 4189 1491 4250 ili
1504 4193 1582 4262 ΜῚ,

466 4301 532 4363 Sen.
555 4301 598 4363 rh.
620 4309 709 4363 contr.
732 4303 770 4364 iii
792 4307 810 4364 7
832 4309 871 4383 (p.
894 4306 947 4366 371
973 4304 996 4365 B
1017 4307 1076 4367 253
1097 4305 1145 4380 K).

506 4418 536 4492 t)
578 4415 694 4479 Sueten.
717 4417 779 4480 Oct.
800 4420 849 4490 69,
871 4419 918 4480 74.
