3734 5518
853 705 876 772 5

303 903 470 988 „furtim”
506 901 567 988 (ib.
606 920 653 969 vs.
689 900 747 986 20)
784 920 905 970 versus
939 901 1082 985 faceret,
1115 901 1286 990 impedire
1318 922 1422 970 nemo

305 1033 450 1118 poterat.
966 1109 969 1116 .

349 1153 444 1222 Haec
489 1151 558 1219 suit
601 1150 716 1218 Ovidii
758 1149 1006 1226 adulescentia,
1038 1170 1119 1219 cum
1155 1149 1265 1218 libera
1299 1171 1421 1240 respu-

308 1277 399 1354 blica
442 1277 498 1344 vix
533 1276 688 1344 animam
725 1275 887 1360 ducebat,
922 1277 1056 1365 species
1089 1275 1205 1343 adhuc
1239 1282 1274 1342 et
1308 1275 1423 1342 inanis

305 1400 477 1470 libertatis
501 1401 627 1489 imago.
652 1437 695 1449 -

350 1525 520 1594 Seneca
544 1529 649 1592 natus
669 1544 745 1592 esse
757 1523 896 1592 videtur
909 1525 1002 1594 circa
1014 1525 1152 1592 initium
1168 1531 1308 1594 nostrae
1320 1544 1423 1592 aerae

305 1649 490 1719 Cordubae
532 1650 567 1716 in
612 1648 699 1717 urbe
739 1649 928 1737 Hispaniae
964 1657 1062 1738 patre
1098 1650 1244 1717 Annaeo
1279 1648 1422 1731 Seneca,

304 1773 499 1844 clarissimo
535 1772 686 1858 rhetore,
718 1775 790 1862 qui,
822 1794 1038 1863 quamquam
1071 1773 1242 1842 bellorum
1266 1773 1421 1842 civilium

306 1899 405 1967 furor
424 1919 506 1966 eum
527 1898 620 1966 intra
640 1897 813 1967 coloniam
834 1898 1058 1967 continuerat
1073 1901 1113 1988 1),
1132 1899 1203 1966 iam
1216 1898 1422 1966 adulescens

304 2023 453 2091 Romam
480 2023 574 2090 venit
597 2022 795 2090 studiorum
819 2043 927 2091 causa
941 2025 980 2108 ²).
1005 2023 1084 2091 Vita
1100 2024 1177 2091 eius
1190 2063 1228 2071 —
1243 2043 1324 2092 cum
1341 2023 1422 2090 viris

305 2149 340 2215 in
365 2147 564 2216 litterarum
589 2145 769 2235 republica
789 2148 938 2215 summis
961 2147 1116 2215 amicitia
1134 2153 1170 2214 et
1181 2146 1420 2214 familiaritate

305 2273 448 2340 iunctus
479 2273 600 2355 crat3)
626 2310 662 2319 -
689 2276 725 2338 et
748 2271 879 2360 scripta
904 2277 1078 2340 testantur
1101 2272 1170 2338 iam
1198 2270 1356 2338 homines
1379 2290 1421 2338 ex

308 2396 498 2486 provinciis
534 2396 664 2479 venire,
704 2393 833 2483 quibus
867 2416 931 2463 cur
964 2395 1049 2483 ipsis
1073 2395 1211 2463 Romuli
1236 2394 1422 2485 nepotibus

306 2521 490 2589 inferiores
524 2520 691 2589 oederent
725 2539 832 2588 causa
866 2527 957 2588 esset
988 2520 1103 2603 nulla;
1127 2539 1208 2588 mox
1232 2518 1325 2587 filius
1348 2520 1421 2608 ipse

305 2665 385 2712 oum
409 2643 562 2722 Lucano,
588 2643 760 2727 Martiale,
785 2643 946 2728 Traiano,
971 2643 1150 2711 Hadriano
1175 2642 1422 2712 monstrabunt

305 2774 445 2858 tempus
468 2769 670 2851 adventare,
694 2787 764 2857 quo
788 2787 858 2836 non
883 2768 1034 2857 amplius
1060 2767 1173 2835 Latini
1187 2767 1346 2855 Italique,
1359 2767 1419 2834 sed

305 2913 386 2961 cum
411 2892 555 2961 Graecis
568 2893 599 2980 4)
622 2893 730 2962 ceteri
755 2892 985 2983 provinciales
1008 2893 1167 2977 Romam,
1187 2893 1221 2961 id
1242 2898 1417 2961 estterra·

306 3037 384 3083 rum
410 3016 543 3100 orbem,
568 3023 701 3106 regant.
727 3017 828 3086 Italia
851 3018 944 3085 euim
969 3023 1042 3086 tota
1066 3017 1261 3086 latifundiis
1281 3016 1420 3084 otvillis

305 3141 577 3231 peregrinationi
610 3141 758 3210 divitum
794 3141 1007 3210 inserviebat
1022 3143 1062 3230 5),
1099 3162 1180 3210 oum
1214 3147 1292 3231 post
1329 3140 1419 3209 bella

345 3359 373 3434 1)
394 3355 460 3417 Sen.
482 3356 525 3418 111.
547 3363 638 3417 contr.
661 3356 671 3415 l
694 3355 781 3434 prael.
804 3358 838 3415 11
866 3373 892 3434 p.
916 3359 954 3416 llll
975 3354 1096 3416 Bursian
1118 3357 1151 3415 61
1178 3353 1330 3432 Kiessling.

344 3472 375 3550 8)
395 3471 467 3533 11116.
490 3474 528 3533 22
549 3490 576 3551 p.
599 3475 637 3534 66
659 3471 683 3532 Β
702 3475 740 3532 66
763 3471 796 3532 ll.

344 3589 373 3659 3)
394 3586 466 3648 lbid.
488 3595 577 3648 contr.
599 3588 611 3649 l
633 3589 721 3666 prael.
744 3589 792 3659 13,
806 3589 844 3647 22
856 3586 977 3664 (amicus
988 3585 1128 3664 Latronis)
1141 3593 1230 3646 contr.
1243 3585 1280 3646 lll
1294 3585 1380 3664 prael.
1393 3587 1421 3654 1,

305 3701 354 3762 Vll
367 3704 385 3763 3
396 3705 415 3764 8
425 3703 588 3778 (lentiliaris
597 3704 686 3766 Cassii
695 3703 888 3783 Severi)suas.
899 3707 916 3765 3
928 3707 946 3764 9
956 3701 1121 3781 (Gallionis)
1131 3704 1178 3761 3.6
1186 3701 1358 3780 (Messallae)
1368 3709 1420 3761 eto.

344 3817 376 3896 1)
399 3817 440 3878 cl.
462 3836 486 3878 e.
509 3837 533 3897 g.
557 3817 655 3882 luven.
678 3819 716 3880 lll
737 3822 771 3880 61
788 3842 795 3881 :
818 3819 1075 3898 graecamurbem;
1095 3817 1206 3878 Senad
1220 3817 1300 3878 Hele.
1313 3835 1348 3876 m.
1363 3819 1421 3876 62.

305 3932 405 3994 Graeci
427 3942 507 3994 erant
529 3934 631 4006 Pallas,
654 3935 802 4015 Polybius,
824 3934 975 3996 Narcissus
996 3934 1054 3995 alii.
1077 3935 1118 3995 Cl.
1142 3932 1351 4011 Bernhardy
1372 3931 1420 3992 Gr.

305 4049 369 4110 tiu.
392 4049 414 4109 1⁴
437 4053 494 4111 678
516 4052 606 4126 (662),
630 4053 800 4125 1816166).

346 4166 374 4242 b)
396 4164 429 4225 0.
448 4165 479 4225 Ε.
493 4165 661 4226 Schmidt
675 4165 788 4226 Ciceros
800 4165 892 4226 Villen
906 4167 950 4242 (er
964 4165 1042 4225 Neue
1053 4165 1142 4226 lalub
1164 4166 1180 4223 l'.
1195 4163 1265 4224 Phil.
1279 4162 1421 4240 11[1868]

305 4298 333 4358 p.
356 4282 422 4341 311
446 4281 477 4359 6)
497 4279 588 4341 Varro
611 4281 677 4341 RR.
702 4280 722 4341 l.
746 4284 793 4352 10,
816 4281 911 4341 llorat.
935 4281 964 4341 6.
987 4281 1080 4342 1116.

343 4394 416 4464 Plin.
454 4395 488 4464 N.
520 4395 555 4462 ll.
589 4395 653 4463 XVI
682 4399 719 4462 7:
754 4395 903 4462 latifundia
935 4395 1045 4456 ltaliam
1077 4394 1234 4478 perdidere,
1266 4394 1322 4456 iam
1356 4412 1422 4458 vero
