3778 5488
869 743 936 810 209

342 937 518 1028 suffragiis
541 941 614 1008 suis
637 938 831 1028 expulerat,
855 939 951 1008 solus
975 939 1127 1029 populus
1155 961 1317 1009 revocare
1335 947 1460 1028 posset,

343 1064 434 1145 licet,
460 1070 498 1131 ut
521 1083 671 1153 semper,
694 1069 780 1132 tunc
804 1084 945 1154 qnoque
970 1064 1097 1133 mobile
1121 1065 1247 1152 vulgus
1267 1085 1460 1153 paucorum

345 1189 628 1278 praevalentibus
651 1188 844 1257 duceretur
866 1190 1027 1278 ingeniis.
1054 1230 1092 1238 —

391 1313 538 1382 Dimidio
562 1313 702 1383 saeculo
726 1323 805 1402 post
829 1321 983 1403 potestas
1007 1315 1120 1383 omnis
1143 1315 1178 1382 in
1206 1335 1316 1382 unum
1338 1313 1464 1384 collata

343 1437 592 1507 damnatorum
628 1439 870 1507 condicionem
906 1441 1050 1508 omnino
1083 1441 1241 1507 mutavit.
1274 1438 1464 1508 Ovidius

344 1569 510 1652 expertus
533 1568 586 1631 est
609 1563 720 1652 legem
735 1584 911 1632 summam
925 1564 1055 1634 factam
1068 1585 1144 1632 esse
1157 1565 1326 1653 principis
1341 1563 1463 1633 volun·

344 1693 463 1770 tatem,
487 1685 531 1754 ad
555 1685 817 1756 damnationem
845 1709 913 1757 non
939 1689 1010 1756 iam
1033 1688 1108 1777 lege
1134 1709 1223 1778 opus
1245 1709 1321 1758 esse
1344 1685 1462 1778 populi

344 1810 519 1900 suilragiis
532 1813 777 1902 comprobata:
794 1814 936 1883 decreto
949 1814 1118 1903 principis
1132 1815 1291 1883 homines
1304 1814 1463 1903 relegari,

344 1935 501 2004 eiusdem
527 1937 674 2006 arbitrio
697 1939 866 2022 revocari,
891 1939 1084 2027 principem
1109 1940 1218 2028 igitur
1241 1939 1354 2008 solum
1378 1937 1464 2008 mol-

345 2063 499 2131 liendum
536 2082 622 2146 esse,
658 2072 699 2132 ut
732 2063 793 2152 qui
828 2062 1031 2132 felicitatem
1048 2064 1275 2160 dempsisset,
1300 2063 1463 2134 redderet

344 2189 462 2256 etiam.
494 2187 581 2257 Cum
608 2193 727 2258 autem
753 2187 839 2256 nihil
863 2194 965 2268 esset,
989 2209 1060 2278 quo
1083 2188 1222 2258 facilius
1244 2191 1354 2258 animi
1376 2190 1465 2258 leni-

345 2318 470 2381 rentur
504 2332 611 2401 quam
647 2311 812 2382 laudibus
847 2320 882 2381 et
913 2311 1124 2398 adulatione,
1152 2312 1297 2381 Ovidius
1321 2314 1464 2381 minime

346 2437 388 2504 iis
413 2437 586 2525 pepercit:

391 2560 542 2650 Augusti
590 2561 705 2645 iidem,
752 2562 988 2646 clementiam,
1025 2560 1261 2644 tolerantiam,
1295 2562 1463 2630 iustitiam

346 2706 522 2764 summam
548 2685 648 2754 dicit:

405 2857 500 2935 Saepe
520 2855 609 2916 fidem
630 2856 763 2917 adversio
783 2858 873 2916 etiam
896 2855 1031 2917 laudavit
1052 2857 1082 2916 in
1104 2858 1196 2917 armis

448 2973 544 3050 Inque
567 2974 629 3036 suis
649 2979 730 3034 amat
750 2974 826 3034 hanc
847 2973 966 3049 anaar,
988 2973 1019 3032 in
1043 2972 1127 3032 horto
1149 2974 1263 3051 probat.

1158 3088 1219 3165 (Tr.
1242 3088 1258 3146 1
1279 3088 1347 3148 aaa
1370 3094 1427 3167 aq.)

405 3246 463 3306 Sed
484 3253 583 3308 tamen
604 3251 635 3308 in
657 3248 740 3308 duria
760 3253 963 3309 remanentem
986 3248 1075 3307 robus
1096 3249 1225 3308 amicum

446 3364 618 3433 Quamlibet
638 3365 735 3424 inviro
756 3364 866 3425 Caesar
886 3365 917 3423 in
939 3364 1023 3424 hoste
1044 3363 1159 3442 probat,

406 3480 468 3538 Noc
488 3479 564 3539 uolat
585 3481 682 3551 irasci,
704 3514 742 3523 —
764 3481 962 3558 nequeenim
985 3479 1164 3540 moderatior
1185 3479 1262 3539 alter
1283 3514 1321 3523 —

447 3593 520 3655 Cum
543 3596 611 3674 qnia
631 3596 663 3655 in
684 3595 827 3672 adversis,
849 3595 947 3673 siquid
968 3595 1090 3671 amavit,
1112 3600 1202 3655 amat.

1190 3710 1243 3789 (ib.
1265 3711 1428 3783 923-26)

407 3826 453 3885 Tu
476 3827 593 3886 reniam
616 3828 692 3905 parti
715 3839 872 3905 superatae
893 3845 981 3904 caepe
1002 3824 1119 3892 dedisti,

448 3941 515 4000 Non
537 3960 731 4003 eonceranrna
752 3961 842 4022 qnam
864 3942 919 4002 tibi
942 3941 1036 4001 victor
1056 3944 1129 4000 erat.

408 4056 530 4116 Divitiis
551 4059 641 4118 etiam
664 4058 773 4119 multos
794 4063 824 4117 et
844 4057 1006 4118 honoribus
1026 4061 1129 4117 auctos

449 4173 529 4250 Vidi,
551 4174 603 4251 qui
624 4174 757 4233 tulerant
777 4176 808 4233 in
829 4178 919 4252 capnt
940 4191 1024 4233 arma
1045 4177 1140 4240 tuum,
1161 4175 1217 4230 etc.

1118 4286 1179 4364 [Tr.
1203 4286 1234 4345 11
1256 4288 1294 4344 43
1316 4291 1393 4364 sqq.)
1417 4287 1429 4361 l

351 4373 560 4382 -—-—-——.

390 4442 421 4512 l)
462 4439 503 4499 Gl.
537 4439 600 4500 Am.
634 4439 732 4501 1251
758 4457 811 4518 sq,
834 4438 962 4498 illorum.
985 4437 1088 4517 Ancyr.
1111 4437 1123 4497 l
1146 4439 1197 4497 ll:
1222 4435 1468 4576 victorlpmnibus
