3792 5486
925 705 992 774 ¹139

396 907 472 970 tum
498 903 543 970 sit
563 903 788 992 praesidium,
815 904 913 973 video
936 903 1171 991 intellegoque
1194 911 1229 971 te
1254 904 1383 973 multas
1404 905 1513 994 partis

397 1047 496 1094 meae
531 1027 656 1095 salutis
687 1036 722 1095 et
745 1029 924 1117 suscipere
944 1036 980 1096 et
1003 1049 1104 1119 posse
1127 1031 1301 1097 sustinere
1325 1050 1450 1118 neque,
1475 1037 1515 1097 ut

394 1152 445 1219 ita
479 1151 598 1238 iacias,
635 1153 830 1242 rogandum
865 1155 962 1222 esse'’
998 1154 1057 1242 (ad
1094 1155 1164 1222 Att.
1201 1152 1245 1221 lll
1267 1153 1371 1242 ί202).
1399 1153 1513 1243 Nepos

396 1277 517 1364 (Attio.
552 1276 590 1366 ll)
625 1279 729 1346 etiam
766 1287 889 1348 narrat
919 1279 1077 1348 Atticum
1109 1279 1267 1348 Ciceroni
1303 1300 1367 1360 „ex
1400 1279 1514 1368 patria

395 1403 545 1491 fugienti
578 1403 779 1471 sestertium
812 1403 963 1471 ducenta
987 1410 1023 1472 et
1049 1404 1305 1493 quinquaginta
1332 1402 1427 1471 milia
1451 1403 1512 1470 do·

396 1527 532 1606 nasse'',
556 1526 598 1594 de
623 1546 693 1616 quo
717 1527 809 1597 dono
833 1527 954 1596 Cicero
979 1526 1068 1595 silet.

441 1649 555 1739 lpsius
577 1651 710 1720 inimici
735 1652 840 1721 rebus
864 1653 986 1720 deletis
1010 1652 1151 1721 Clodius
1175 1653 1343 1720 seminam
1372 1671 1513 1742 aggres-

396 1795 457 1843 sus
490 1782 554 1858 est,
591 1775 739 1845 lortasse
774 1778 972 1866 suspicatus
999 1798 1077 1846 eam
1103 1777 1279 1866 possidere
1303 1787 1339 1845 et
1363 1778 1514 1846 retinere

396 1920 487 1989 quae
529 1921 653 1969 revera
694 1901 872 1971 Ciceronis
914 1911 1032 1970 essent
1047 1902 1086 1991 1).
1121 1902 1211 1970 Ante
1247 1901 1400 1970 tribunal
1437 1904 1513 1970 iure

395 2024 545 2094 iurando
580 2046 658 2093 eam
693 2025 820 2114 adegit,
856 2047 920 2095 sua
956 2047 1043 2111 esse,
1078 2047 1169 2115 quae
1204 2048 1323 2097 secum
1359 2028 1512 2094 haberet.

397 2149 506 2234 (Haec
548 2149 792 2239 interpretatio
828 2152 932 2221 unica
966 2162 1020 2220 est
1053 2173 1159 2241 quam
1197 2129 1399 2240 intellegere
1435 2172 1514 2240 pos-

396 2276 503 2363 sum.)
538 2275 632 2362 „Ego
665 2277 818 2344 maximo
849 2298 930 2345 cum
956 2277 1040 2346 iletu
1064 2279 1143 2366 legi,
1168 2297 1273 2365 quem
1298 2276 1341 2344 ad
1369 2275 1511 2345 modum

395 2419 416 2466 a
449 2398 574 2468 Vestae
598 2399 642 2468 ad
667 2400 823 2469 tabulam
850 2401 1025 2471 Valeriam
1051 2403 1156 2472 ducta
1181 2421 1284 2470 esses.
1309 2401 1411 2480 Hem,
1436 2421 1514 2468 mea

395 2521 466 2606 lux,
500 2544 617 2592 meum
643 2524 867 2604 desiderium,
893 2528 986 2596 unde
1010 2547 1131 2596 omnes
1154 2547 1256 2616 opem
1282 2533 1400 2615 petere
1424 2524 1513 2594 sole·

397 2647 491 2726 bant,
526 2657 561 2716 te
593 2670 699 2734 nunc,
728 2671 806 2718 mea
839 2650 1013 2736 Terentia,
1038 2653 1087 2720 sic
1113 2653 1240 2735 vexari,
1265 2653 1315 2720 sic
1338 2653 1453 2720 iacere
1476 2652 1512 2718 in

395 2770 550 2840 lacrimis
573 2782 608 2841 et
631 2774 805 2843 sordibus!
832 2776 941 2863 idque
966 2775 1042 2843 fieri
1068 2797 1144 2843 mea
1168 2775 1282 2865 culpa,
1303 2777 1365 2864 qui
1377 2783 1513 2845 ceteros

395 2898 543 2979 servavi,
579 2904 619 2966 ut
653 2920 716 2968 nos
748 2904 944 2989 periremus
954 2902 983 2968 !'’
1009 2901 1067 2990 (ad
1094 2903 1117 2970 s.
1144 2902 1220 2970 XlV
1243 2901 1324 2989 22).
1351 2901 1514 2969 Terentia

398 3041 478 3090 vero
512 3023 631 3091 animo
666 3023 852 3093 obfirmato
877 3025 969 3093 haud
995 3027 1188 3116 quidquam
1214 3027 1280 3094 sibi
1303 3027 1390 3114 eripi
1413 3047 1514 3114 passa

395 3152 459 3214 est.
483 3145 571 3214 Cum
597 3153 715 3216 autem
741 3149 876 3218 reditus
900 3159 1065 3239 ageretur
1089 3152 1216 3229 mariti,
1230 3150 1430 3239 sumptibus
1444 3172 1513 3217 non

398 3273 551 3360 pepercit
587 3293 702 3362 neque
726 3274 900 3343 dubitavit
927 3277 1070 3365 quidem
1096 3277 1239 3364 praedia
1263 3295 1327 3344 sua
1354 3275 1514 3356 vendere,

397 3401 436 3464 ut
470 3401 655 3484 pecuniam
693 3399 839 3469 haberet
873 3408 1104 3490 praesentem,
1140 3421 1211 3490 qua
1234 3401 1347 3468 exulis
1370 3421 1512 3469 causam

396 3521 543 3589 iuvaret.
578 3522 699 3592 Cicero
738 3528 962 3594 vehementer
993 3527 1120 3594 restitit
1151 3526 1321 3595 sollicitus
1356 3525 1399 3594 de
1424 3525 1514 3592 vitae

396 3645 600 3715 condicione
623 3669 714 3736 quae
739 3648 809 3717 lilio
833 3670 898 3719 suo
921 3651 1043 3719 lutura
1065 3661 1167 3732 esset,
1191 3651 1219 3719 si
1246 3658 1324 3741 post
1339 3650 1509 3739 perditam

397 3789 496 3837 suam
534 3771 711 3841 fortunam
745 3774 928 3843 Terentiae
964 3797 1104 3865 quoque
1128 3775 1319 3865 dilapidata
1343 3782 1435 3844 esset
1458 3793 1515 3841 res

439 4049 474 4132 1)
517 4050 578 4112 Non
613 4051 694 4113 video
725 4071 778 4113 cur
808 4071 910 4114 verum
942 4071 1004 4114 esse
1035 4071 1090 4114 non
1114 4053 1203 4132 possit
1225 4072 1287 4114 eam
1309 4053 1441 4114 consulto
1463 4071 1513 4114 sua

396 4169 504 4231 dixisse
536 4188 611 4248 quoe
643 4168 788 4231 Ciceronis
819 4177 966 4240 erantne
989 4169 1120 4248 perirent.
1145 4169 1264 4248 Siquid
1287 4167 1418 4229 conicere
1441 4169 1515 4240 licet,

396 4285 550 4347 discidium
584 4295 645 4365 post
678 4284 802 4346 reditum
825 4285 898 4346 inter
918 4284 1055 4363 coniuges
1077 4294 1175 4346 natum
1199 4285 1236 4346 ita
1258 4285 1400 4364 explicare
1423 4285 1515 4364 possis

397 4411 429 4464 ut
447 4401 602 4482 suspiceris
620 4401 781 4463 Terentiam
794 4402 877 4473 lions,
889 4420 963 4481 quae
975 4421 1026 4463 sua
1038 4401 1167 4472 dixisset,
1178 4420 1229 4462 sua
1244 4420 1357 4463 manere
1370 4401 1515 4462 moluisse.
