<?xml version="1.0" encoding="UTF-8"?>
<!DOCTYPE html PUBLIC "-//W3C//DTD XHTML 1.0 Transitional//EN"
    "http://www.w3.org/TR/xhtml1/DTD/xhtml1-transitional.dtd">
<html xmlns="http://www.w3.org/1999/xhtml" xml:lang="en" lang="en">
 <head>
  <title>
</title>
<meta http-equiv="Content-Type" content="text/html;charset=utf-8" />
  <meta name='ocr-system' content='tesseract 3.04.00' />
  <meta name='ocr-capabilities' content='ocr_page ocr_carea ocr_par ocr_line ocrx_word'/>
</head>
<body>
  <div class='ocr_page' id='page_1' title='image "./exulumtriassive00leopgoog_0166.png"; bbox 0 0 3792 5486; ppageno 0'>
   <div class='ocr_carea' id='block_1_1' title="bbox 880 713 947 782">
    <p class='ocr_par' dir='ltr' id='par_1_1' title="bbox 880 713 947 782">
     <span class='ocr_line' id='line_1_1' title="bbox 880 713 947 782; baseline 0 0"><span class='ocrx_word' id='word_1_1' title='bbox 880 713 947 782; x_wconf 77' lang='lat'>153</span> 
     </span>
    </p>
   </div>
   <div class='ocr_carea' id='block_1_2' title="bbox 348 912 1471 4000">
    <p class='ocr_par' dir='ltr' id='par_1_2' title="bbox 348 912 1470 2002">
     <span class='ocr_line' id='line_1_2' title="bbox 395 912 1469 1000; baseline -0.004 -16"><span class='ocrx_word' id='word_1_2' title='bbox 395 914 531 1000; x_wconf 86' lang='lat' dir='ltr'>„Multa</span> <span class='ocrx_word' id='word_1_3' title='bbox 553 915 733 985; x_wconf 80' lang='lat' dir='ltr'>occultant</span> <span class='ocrx_word' id='word_1_4' title='bbox 756 920 839 983; x_wconf 89' lang='lat' dir='ltr'>tuae</span> <span class='ocrx_word' id='word_1_5' title='bbox 862 912 1011 997; x_wconf 83' lang='lat' dir='ltr'>litterae,</span> <span class='ocrx_word' id='word_1_6' title='bbox 1036 913 1152 999; x_wconf 88' lang='lat' dir='ltr'>credo,</span> <span class='ocrx_word' id='word_1_7' title='bbox 1168 933 1212 981; x_wconf 88' lang='lat' dir='ltr'>ne</span> <span class='ocrx_word' id='word_1_8' title='bbox 1227 912 1469 980; x_wconf 84' lang='lat' dir='ltr'>vehementius</span> 
     </span>
     <span class='ocr_line' id='line_1_3' title="bbox 349 1037 1469 1131; baseline -0.004 -21"><span class='ocrx_word' id='word_1_9' title='bbox 349 1041 594 1131; x_wconf 85' lang='lat' dir='ltr'>desperatione</span> <span class='ocrx_word' id='word_1_10' title='bbox 617 1040 806 1130; x_wconf 89' lang='lat' dir='ltr'>perturber</span> <span class='ocrx_word' id='word_1_11' title='bbox 829 1038 948 1128; x_wconf 74' lang='grc'>(15.6).</span> <span class='ocrx_word' id='word_1_12' title='bbox 974 1039 1069 1107; x_wconf 83' lang='lat' dir='ltr'>Tuae</span> <span class='ocrx_word' id='word_1_13' title='bbox 1082 1037 1223 1128; x_wconf 88' lang='lat' dir='ltr'>quidem</span> <span class='ocrx_word' id='word_1_14' title='bbox 1238 1037 1385 1122; x_wconf 81' lang='lat' dir='ltr'>litterae,</span> <span class='ocrx_word' id='word_1_15' title='bbox 1399 1057 1469 1125; x_wconf 92' lang='lat' dir='ltr'>quo</span> 
     </span>
     <span class='ocr_line' id='line_1_4' title="bbox 350 1162 1469 1261; baseline -0.006 -26"><span class='ocrx_word' id='word_1_16' title='bbox 350 1168 490 1261; x_wconf 89' lang='lat' dir='ltr'>saepius</span> <span class='ocrx_word' id='word_1_17' title='bbox 514 1188 535 1235; x_wconf 91' lang='lat' dir='ltr'>a</span> <span class='ocrx_word' id='word_1_18' title='bbox 561 1186 615 1234; x_wconf 90' lang='lat' dir='ltr'>me</span> <span class='ocrx_word' id='word_1_19' title='bbox 642 1165 821 1254; x_wconf 83' lang='lat' dir='ltr'>leguntur,</span> <span class='ocrx_word' id='word_1_20' title='bbox 846 1164 910 1233; x_wconf 92' lang='lat' dir='ltr'>hoc</span> <span class='ocrx_word' id='word_1_21' title='bbox 923 1182 1021 1253; x_wconf 88' lang='lat' dir='ltr'>spem</span> <span class='ocrx_word' id='word_1_22' title='bbox 1035 1163 1171 1231; x_wconf 80' lang='lat' dir='ltr'>faciunt</span> <span class='ocrx_word' id='word_1_23' title='bbox 1186 1162 1270 1230; x_wconf 90' lang='lat' dir='ltr'>mihi</span> <span class='ocrx_word' id='word_1_24' title='bbox 1285 1162 1469 1246; x_wconf 85' lang='lat' dir='ltr'>minorem,</span> 
     </span>
     <span class='ocr_line' id='line_1_5' title="bbox 350 1286 1468 1380; baseline -0.004 -21"><span class='ocrx_word' id='word_1_25' title='bbox 350 1291 455 1380; x_wconf 92' lang='lat' dir='ltr'>quod,</span> <span class='ocrx_word' id='word_1_26' title='bbox 490 1311 571 1360; x_wconf 88' lang='lat' dir='ltr'>eum</span> <span class='ocrx_word' id='word_1_27' title='bbox 607 1291 718 1360; x_wconf 85' lang='lat' dir='ltr'>lectae</span> <span class='ocrx_word' id='word_1_28' title='bbox 753 1297 846 1374; x_wconf 85' lang='lat' dir='ltr'>sunt,</span> <span class='ocrx_word' id='word_1_29' title='bbox 882 1297 958 1358; x_wconf 87' lang='lat' dir='ltr'>tum</span> <span class='ocrx_word' id='word_1_30' title='bbox 994 1288 1041 1371; x_wconf 90' lang='lat' dir='ltr'>id,</span> <span class='ocrx_word' id='word_1_31' title='bbox 1078 1287 1171 1377; x_wconf 91' lang='lat' dir='ltr'>quod</span> <span class='ocrx_word' id='word_1_32' title='bbox 1207 1286 1402 1355; x_wconf 87' lang='lat' dir='ltr'>attulerant</span> <span class='ocrx_word' id='word_1_33' title='bbox 1424 1286 1468 1355; x_wconf 91' lang='lat' dir='ltr'>ad</span> 
     </span>
     <span class='ocr_line' id='line_1_6' title="bbox 350 1410 1470 1504; baseline -0.004 -20"><span class='ocrx_word' id='word_1_34' title='bbox 350 1437 460 1504; x_wconf 89' lang='lat' dir='ltr'>spem,</span> <span class='ocrx_word' id='word_1_35' title='bbox 495 1416 687 1500; x_wconf 88' lang='lat' dir='ltr'>infirmant,</span> <span class='ocrx_word' id='word_1_36' title='bbox 723 1422 763 1483; x_wconf 84' lang='lat' dir='ltr'>ut</span> <span class='ocrx_word' id='word_1_37' title='bbox 797 1413 899 1482; x_wconf 82' lang='lat' dir='ltr'>facile</span> <span class='ocrx_word' id='word_1_38' title='bbox 931 1419 1100 1504; x_wconf 84' lang='lat' dir='ltr'>appareat</span> <span class='ocrx_word' id='word_1_39' title='bbox 1122 1417 1158 1480; x_wconf 88' lang='lat' dir='ltr'>te</span> <span class='ocrx_word' id='word_1_40' title='bbox 1181 1420 1216 1480; x_wconf 90' lang='lat' dir='ltr'>et</span> <span class='ocrx_word' id='word_1_41' title='bbox 1239 1410 1470 1480; x_wconf 87' lang='lat' dir='ltr'>consolationi</span> 
     </span>
     <span class='ocr_line' id='line_1_7' title="bbox 350 1536 1470 1629; baseline -0.005 -20"><span class='ocrx_word' id='word_1_42' title='bbox 350 1543 481 1609; x_wconf 89' lang='lat' dir='ltr'>servire</span> <span class='ocrx_word' id='word_1_43' title='bbox 504 1548 541 1609; x_wconf 92' lang='lat' dir='ltr'>et</span> <span class='ocrx_word' id='word_1_44' title='bbox 564 1541 721 1624; x_wconf 81' lang='lat' dir='ltr'>veritati3</span> <span class='ocrx_word' id='word_1_45' title='bbox 745 1540 864 1629; x_wconf 88' lang='lat' dir='ltr'>itaque</span> <span class='ocrx_word' id='word_1_46' title='bbox 888 1545 923 1606; x_wconf 86' lang='lat' dir='ltr'>te</span> <span class='ocrx_word' id='word_1_47' title='bbox 946 1557 1032 1626; x_wconf 83' lang='lat' dir='ltr'>rogo</span> <span class='ocrx_word' id='word_1_48' title='bbox 1056 1537 1170 1627; x_wconf 92' lang='lat' dir='ltr'>plane,</span> <span class='ocrx_word' id='word_1_49' title='bbox 1189 1545 1228 1604; x_wconf 87' lang='lat' dir='ltr'>ut</span> <span class='ocrx_word' id='word_1_50' title='bbox 1240 1536 1283 1604; x_wconf 90' lang='lat' dir='ltr'>ad</span> <span class='ocrx_word' id='word_1_51' title='bbox 1300 1556 1365 1618; x_wconf 89' lang='lat' dir='ltr'>me,</span> <span class='ocrx_word' id='word_1_52' title='bbox 1379 1556 1470 1624; x_wconf 88' lang='lat' dir='ltr'>quae</span> 
     </span>
     <span class='ocr_line' id='line_1_8' title="bbox 348 1659 1467 1753; baseline -0.006 -19"><span class='ocrx_word' id='word_1_53' title='bbox 348 1666 425 1745; x_wconf 91' lang='lat' dir='ltr'>scis,</span> <span class='ocrx_word' id='word_1_54' title='bbox 451 1672 491 1734; x_wconf 91' lang='lat' dir='ltr'>ut</span> <span class='ocrx_word' id='word_1_55' title='bbox 514 1672 629 1749; x_wconf 90' lang='lat' dir='ltr'>erunt,</span> <span class='ocrx_word' id='word_1_56' title='bbox 657 1683 748 1753; x_wconf 88' lang='lat' dir='ltr'>quae</span> <span class='ocrx_word' id='word_1_57' title='bbox 773 1663 924 1753; x_wconf 69' lang='lat' dir='ltr'>putabis</span> <span class='ocrx_word' id='word_1_58' title='bbox 949 1669 990 1730; x_wconf 92' lang='lat' dir='ltr'>ut</span> <span class='ocrx_word' id='word_1_59' title='bbox 1015 1661 1164 1752; x_wconf 88' lang='lat' dir='ltr'>putabis,</span> <span class='ocrx_word' id='word_1_60' title='bbox 1184 1662 1235 1730; x_wconf 91' lang='lat' dir='ltr'>ita</span> <span class='ocrx_word' id='word_1_61' title='bbox 1250 1659 1384 1730; x_wconf 88' lang='lat' dir='ltr'>scribas</span> <span class='ocrx_word' id='word_1_62' title='bbox 1397 1661 1467 1750; x_wconf 90' lang='lat' dir='ltr'>(ep.</span> 
     </span>
     <span class='ocr_line' id='line_1_9' title="bbox 350 1787 1470 1876; baseline -0.004 -17"><span class='ocrx_word' id='word_1_63' title='bbox 350 1789 420 1874; x_wconf 85' lang='grc'><strong>16).</strong></span> <span class='ocrx_word' id='word_1_64' title='bbox 444 1791 540 1859; x_wconf 84' lang='lat' dir='ltr'>Tuae</span> <span class='ocrx_word' id='word_1_65' title='bbox 564 1791 701 1858; x_wconf 90' lang='lat' dir='ltr'>litterae</span> <span class='ocrx_word' id='word_1_66' title='bbox 726 1788 842 1857; x_wconf 88' lang='lat' dir='ltr'>variae</span> <span class='ocrx_word' id='word_1_67' title='bbox 865 1787 1200 1876; x_wconf 77' lang='lat' dir='ltr'>sunttnequeenim</span> <span class='ocrx_word' id='word_1_68' title='bbox 1215 1808 1271 1855; x_wconf 90' lang='lat' dir='ltr'>me</span> <span class='ocrx_word' id='word_1_69' title='bbox 1284 1787 1470 1875; x_wconf 89' lang='lat' dir='ltr'>desperare</span> 
     </span>
     <span class='ocr_line' id='line_1_10' title="bbox 352 1911 979 2002; baseline -0.01 -17"><span class='ocrx_word' id='word_1_70' title='bbox 352 1917 402 1984; x_wconf 92' lang='lat' dir='ltr'>vis</span> <span class='ocrx_word' id='word_1_71' title='bbox 425 1935 490 1984; x_wconf 89' lang='lat' dir='ltr'>nec</span> <span class='ocrx_word' id='word_1_72' title='bbox 513 1923 647 1983; x_wconf 87' lang='lat' dir='ltr'>temere</span> <span class='ocrx_word' id='word_1_73' title='bbox 670 1934 813 2002; x_wconf 87' lang='lat' dir='ltr'>sperare</span> <span class='ocrx_word' id='word_1_74' title='bbox 836 1911 979 2001; x_wconf 75' lang='grc'>(18.2).”</span> 
     </span>
    </p>

    <p class='ocr_par' dir='ltr' id='par_1_3' title="bbox 351 2036 1471 2502">
     <span class='ocr_line' id='line_1_11' title="bbox 396 2036 1469 2128; baseline -0.003 -20"><span class='ocrx_word' id='word_1_75' title='bbox 396 2040 524 2109; x_wconf 91' lang='lat' dir='ltr'>Lenius</span> <span class='ocrx_word' id='word_1_76' title='bbox 559 2040 700 2124; x_wconf 87' lang='lat' dir='ltr'>iudicat,</span> <span class='ocrx_word' id='word_1_77' title='bbox 736 2059 818 2107; x_wconf 91' lang='lat' dir='ltr'>cnm</span> <span class='ocrx_word' id='word_1_78' title='bbox 854 2044 1039 2128; x_wconf 89' lang='lat' dir='ltr'>„coeptum</span> <span class='ocrx_word' id='word_1_79' title='bbox 1074 2043 1129 2105; x_wconf 88' lang='lat' dir='ltr'>est</span> <span class='ocrx_word' id='word_1_80' title='bbox 1161 2037 1257 2126; x_wconf 84' lang='lat' dir='ltr'>agi&#39;&#39;:</span> <span class='ocrx_word' id='word_1_81' title='bbox 1284 2036 1363 2121; x_wconf 89' lang='lat' dir='ltr'>„Me</span> <span class='ocrx_word' id='word_1_82' title='bbox 1386 2042 1469 2105; x_wconf 89' lang='lat' dir='ltr'>tuae</span> 
     </span>
     <span class='ocr_line' id='line_1_12' title="bbox 351 2161 1467 2252; baseline -0.004 -20"><span class='ocrx_word' id='word_1_83' title='bbox 351 2165 489 2233; x_wconf 83' lang='lat' dir='ltr'>litterae</span> <span class='ocrx_word' id='word_1_84' title='bbox 513 2184 711 2252; x_wconf 85' lang='lat' dir='ltr'>numquam</span> <span class='ocrx_word' id='word_1_85' title='bbox 735 2163 771 2230; x_wconf 93' lang='lat' dir='ltr'>in</span> <span class='ocrx_word' id='word_1_86' title='bbox 788 2168 925 2232; x_wconf 87' lang='lat' dir='ltr'>tantam</span> <span class='ocrx_word' id='word_1_87' title='bbox 938 2182 1036 2252; x_wconf 89' lang='lat' dir='ltr'>spem</span> <span class='ocrx_word' id='word_1_88' title='bbox 1049 2161 1285 2242; x_wconf 83' lang='lat' dir='ltr'>adduxerunt,</span> <span class='ocrx_word' id='word_1_89' title='bbox 1298 2167 1467 2250; x_wconf 88' lang='lat' dir='ltr'>quantam</span> 
     </span>
     <span class='ocr_line' id='line_1_13' title="bbox 351 2284 1471 2377; baseline -0.004 -20"><span class='ocrx_word' id='word_1_90' title='bbox 351 2289 520 2374; x_wconf 82' lang='lat' dir='ltr'>aliorum3</span> <span class='ocrx_word' id='word_1_91' title='bbox 544 2295 724 2358; x_wconf 88' lang='lat' dir='ltr'>attamen</span> <span class='ocrx_word' id='word_1_92' title='bbox 749 2308 828 2357; x_wconf 91' lang='lat' dir='ltr'>mea</span> <span class='ocrx_word' id='word_1_93' title='bbox 851 2308 930 2377; x_wconf 91' lang='lat' dir='ltr'>spes</span> <span class='ocrx_word' id='word_1_94' title='bbox 954 2289 1060 2356; x_wconf 90' lang='lat' dir='ltr'>etiam</span> <span class='ocrx_word' id='word_1_95' title='bbox 1084 2288 1225 2357; x_wconf 90' lang='lat' dir='ltr'>tenuior</span> <span class='ocrx_word' id='word_1_96' title='bbox 1248 2305 1387 2374; x_wconf 88' lang='lat' dir='ltr'>semper</span> <span class='ocrx_word' id='word_1_97' title='bbox 1403 2284 1471 2353; x_wconf 85' lang='lat' dir='ltr'>fuit</span> 
     </span>
     <span class='ocr_line' id='line_1_14' title="bbox 352 2412 897 2502; baseline 0 -20"><span class='ocrx_word' id='word_1_98' title='bbox 352 2434 459 2502; x_wconf 89' lang='lat' dir='ltr'>quam</span> <span class='ocrx_word' id='word_1_99' title='bbox 485 2419 567 2484; x_wconf 90' lang='lat' dir='ltr'>tuae</span> <span class='ocrx_word' id='word_1_100' title='bbox 592 2413 751 2482; x_wconf 90' lang='lat' dir='ltr'>litterae”</span> <span class='ocrx_word' id='word_1_101' title='bbox 777 2412 897 2502; x_wconf 68' lang='lat'>(192).</span> 
     </span>
    </p>

    <p class='ocr_par' dir='ltr' id='par_1_4' title="bbox 350 2534 1471 4000">
     <span class='ocr_line' id='line_1_15' title="bbox 397 2534 1468 2628; baseline -0.003 -21"><span class='ocrx_word' id='word_1_102' title='bbox 397 2539 528 2608; x_wconf 90' lang='lat' dir='ltr'>Verum</span> <span class='ocrx_word' id='word_1_103' title='bbox 562 2539 599 2606; x_wconf 92' lang='lat' dir='ltr'>in</span> <span class='ocrx_word' id='word_1_104' title='bbox 637 2539 701 2608; x_wconf 89' lang='lat' dir='ltr'>hac</span> <span class='ocrx_word' id='word_1_105' title='bbox 736 2559 774 2607; x_wconf 92' lang='lat' dir='ltr'>re</span> <span class='ocrx_word' id='word_1_106' title='bbox 808 2539 976 2628; x_wconf 88' lang='lat' dir='ltr'>pleraque</span> <span class='ocrx_word' id='word_1_107' title='bbox 1001 2538 1127 2606; x_wconf 82' lang='lat' dir='ltr'>docent</span> <span class='ocrx_word' id='word_1_108' title='bbox 1161 2537 1209 2606; x_wconf 93' lang='lat' dir='ltr'>lll</span> <span class='ocrx_word' id='word_1_109' title='bbox 1241 2534 1468 2605; x_wconf 76' lang='lat' dir='ltr'>t5et1v1.</span> 
     </span>
     <span class='ocr_line' id='line_1_16' title="bbox 352 2661 1469 2753; baseline -0.003 -21"><span class='ocrx_word' id='word_1_110' title='bbox 352 2663 392 2732; x_wconf 92' lang='lat' dir='ltr'>In</span> <span class='ocrx_word' id='word_1_111' title='bbox 415 2663 475 2733; x_wconf 91' lang='lat' dir='ltr'>illa</span> <span class='ocrx_word' id='word_1_112' title='bbox 499 2672 685 2753; x_wconf 86' lang='lat' dir='ltr'>postquam</span> <span class='ocrx_word' id='word_1_113' title='bbox 710 2664 836 2734; x_wconf 89' lang='lat' dir='ltr'>acerbe</span> <span class='ocrx_word' id='word_1_114' title='bbox 859 2665 979 2734; x_wconf 90' lang='lat' dir='ltr'>iocans</span> <span class='ocrx_word' id='word_1_115' title='bbox 995 2664 1024 2752; x_wconf 88' lang='lat'>¹)</span> <span class='ocrx_word' id='word_1_116' title='bbox 1047 2663 1135 2732; x_wconf 84' lang='lat' dir='ltr'>dixit</span> <span class='ocrx_word' id='word_1_117' title='bbox 1158 2665 1290 2732; x_wconf 89' lang='lat' dir='ltr'>amicos</span> <span class='ocrx_word' id='word_1_118' title='bbox 1309 2661 1469 2750; x_wconf 89' lang='lat' dir='ltr'>sibipro-</span> 
     </span>
     <span class='ocr_line' id='line_1_17' title="bbox 354 2783 1467 2876; baseline -0.004 -20"><span class='ocrx_word' id='word_1_119' title='bbox 354 2788 452 2857; x_wconf 91' lang='lat' dir='ltr'>batos</span> <span class='ocrx_word' id='word_1_120' title='bbox 486 2809 561 2858; x_wconf 90' lang='lat' dir='ltr'>esse</span> <span class='ocrx_word' id='word_1_121' title='bbox 596 2789 735 2872; x_wconf 91' lang='lat' dir='ltr'>debere,</span> <span class='ocrx_word' id='word_1_122' title='bbox 771 2790 887 2858; x_wconf 85' lang='lat' dir='ltr'>Attico</span> <span class='ocrx_word' id='word_1_123' title='bbox 922 2791 951 2857; x_wconf 91' lang='lat' dir='ltr'>si</span> <span class='ocrx_word' id='word_1_124' title='bbox 985 2794 1103 2857; x_wconf 91' lang='lat' dir='ltr'>essent</span> <span class='ocrx_word' id='word_1_125' title='bbox 1133 2787 1165 2876; x_wconf 65' lang='grc' dir='ltr'>(ἓ</span> <span class='ocrx_word' id='word_1_126' title='bbox 1188 2787 1228 2871; x_wconf 75' lang='lat'>23</span> <span class='ocrx_word' id='word_1_127' title='bbox 1251 2785 1296 2855; x_wconf 87' lang='lat' dir='ltr'>cf.</span> <span class='ocrx_word' id='word_1_128' title='bbox 1317 2807 1371 2876; x_wconf 90' lang='lat' dir='ltr'>ep.</span> <span class='ocrx_word' id='word_1_129' title='bbox 1395 2783 1467 2854; x_wconf 65' lang='lat'>84:</span> 
     </span>
     <span class='ocr_line' id='line_1_18' title="bbox 353 2910 1470 3002; baseline -0.004 -21"><span class='ocrx_word' id='word_1_130' title='bbox 353 2914 476 2998; x_wconf 88' lang='lat' dir='ltr'>„cuius</span> <span class='ocrx_word' id='word_1_131' title='bbox 498 2915 594 2982; x_wconf 87' lang='lat' dir='ltr'>enim</span> <span class='ocrx_word' id='word_1_132' title='bbox 618 2913 748 2983; x_wconf 87' lang='lat' dir='ltr'>scelere</span> <span class='ocrx_word' id='word_1_133' title='bbox 771 2912 915 3002; x_wconf 91' lang='lat' dir='ltr'>impulsi</span> <span class='ocrx_word' id='word_1_134' title='bbox 938 2933 978 2981; x_wconf 90' lang='lat' dir='ltr'>ac</span> <span class='ocrx_word' id='word_1_135' title='bbox 1004 2910 1132 3000; x_wconf 91' lang='lat' dir='ltr'>proditi</span> <span class='ocrx_word' id='word_1_136' title='bbox 1156 2911 1276 2990; x_wconf 82' lang='lat' dir='ltr'>simne,</span> <span class='ocrx_word' id='word_1_137' title='bbox 1295 2915 1367 2978; x_wconf 88' lang='lat' dir='ltr'>iam</span> <span class='ocrx_word' id='word_1_138' title='bbox 1389 2929 1470 2998; x_wconf 93' lang='lat' dir='ltr'>pro·</span> 
     </span>
     <span class='ocr_line' id='line_1_19' title="bbox 352 3035 1468 3126; baseline -0.004 -20"><span class='ocrx_word' id='word_1_139' title='bbox 352 3038 443 3108; x_wconf 83' lang='lat' dir='ltr'>lecto</span> <span class='ocrx_word' id='word_1_140' title='bbox 469 3039 574 3123; x_wconf 89' lang='lat' dir='ltr'>vides,</span> <span class='ocrx_word' id='word_1_141' title='bbox 598 3045 705 3126; x_wconf 89' lang='lat' dir='ltr'>atque</span> <span class='ocrx_word' id='word_1_142' title='bbox 728 3039 866 3107; x_wconf 91' lang='lat' dir='ltr'>utinam</span> <span class='ocrx_word' id='word_1_143' title='bbox 885 3038 956 3105; x_wconf 91' lang='lat' dir='ltr'>iam</span> <span class='ocrx_word' id='word_1_144' title='bbox 973 3042 1055 3105; x_wconf 91' lang='lat' dir='ltr'>ante</span> <span class='ocrx_word' id='word_1_145' title='bbox 1072 3035 1215 3105; x_wconf 88' lang='lat' dir='ltr'>vidisses</span> <span class='ocrx_word' id='word_1_146' title='bbox 1227 3055 1342 3125; x_wconf 92' lang='lat' dir='ltr'>neque</span> <span class='ocrx_word' id='word_1_147' title='bbox 1355 3041 1468 3103; x_wconf 84' lang='lat' dir='ltr'>totum</span> 
     </span>
     <span class='ocr_line' id='line_1_20' title="bbox 353 3160 1471 3245; baseline -0.005 -13"><span class='ocrx_word' id='word_1_148' title='bbox 353 3165 511 3232; x_wconf 90' lang='lat' dir='ltr'>animum</span> <span class='ocrx_word' id='word_1_149' title='bbox 536 3172 638 3232; x_wconf 88' lang='lat' dir='ltr'>tunm</span> <span class='ocrx_word' id='word_1_150' title='bbox 664 3164 814 3231; x_wconf 89' lang='lat' dir='ltr'>maerori</span> <span class='ocrx_word' id='word_1_151' title='bbox 840 3183 978 3231; x_wconf 90' lang='lat' dir='ltr'>mecum</span> <span class='ocrx_word' id='word_1_152' title='bbox 1003 3161 1108 3230; x_wconf 91' lang='lat' dir='ltr'>simul</span> <span class='ocrx_word' id='word_1_153' title='bbox 1121 3161 1275 3229; x_wconf 87' lang='lat' dir='ltr'>dedisses</span> <span class='ocrx_word' id='word_1_154' title='bbox 1286 3160 1342 3245; x_wconf 75' lang='lat'>1⁹⁹),</span> <span class='ocrx_word' id='word_1_155' title='bbox 1355 3160 1471 3228; x_wconf 90' lang='lat' dir='ltr'>consi-</span> 
     </span>
     <span class='ocr_line' id='line_1_21' title="bbox 351 3284 1468 3377; baseline -0.005 -21"><span class='ocrx_word' id='word_1_156' title='bbox 351 3288 450 3373; x_wconf 90' lang='lat' dir='ltr'>lium,</span> <span class='ocrx_word' id='word_1_157' title='bbox 484 3287 579 3377; x_wconf 93' lang='lat' dir='ltr'>quod</span> <span class='ocrx_word' id='word_1_158' title='bbox 613 3295 718 3356; x_wconf 89' lang='lat' dir='ltr'>antea</span> <span class='ocrx_word' id='word_1_159' title='bbox 752 3288 782 3354; x_wconf 90' lang='lat' dir='ltr'>is</span> <span class='ocrx_word' id='word_1_160' title='bbox 816 3286 971 3370; x_wconf 91' lang='lat' dir='ltr'>dederat,</span> <span class='ocrx_word' id='word_1_161' title='bbox 1007 3285 1152 3353; x_wconf 86' lang='lat' dir='ltr'>damnat</span> <span class='ocrx_word' id='word_1_162' title='bbox 1185 3285 1299 3375; x_wconf 87' lang='lat' dir='ltr'>specie</span> <span class='ocrx_word' id='word_1_163' title='bbox 1323 3303 1360 3351; x_wconf 90' lang='lat' dir='ltr'>se</span> <span class='ocrx_word' id='word_1_164' title='bbox 1383 3284 1468 3372; x_wconf 86' lang='lat' dir='ltr'>ipse,</span> 
     </span>
     <span class='ocr_line' id='line_1_22' title="bbox 352 3410 1470 3502; baseline -0.005 -22"><span class='ocrx_word' id='word_1_165' title='bbox 352 3434 390 3481; x_wconf 90' lang='lat' dir='ltr'>re</span> <span class='ocrx_word' id='word_1_166' title='bbox 425 3413 580 3482; x_wconf 89' lang='lat' dir='ltr'>amicum</span> <span class='ocrx_word' id='word_1_167' title='bbox 615 3413 872 3502; x_wconf 82' lang='lat' dir='ltr'>perstringens:</span> <span class='ocrx_word' id='word_1_168' title='bbox 909 3410 1103 3495; x_wconf 68' lang='lat' dir='ltr'>„Profecto</span> <span class='ocrx_word' id='word_1_169' title='bbox 1140 3410 1179 3494; x_wconf 92' lang='lat' dir='ltr'>si,</span> <span class='ocrx_word' id='word_1_170' title='bbox 1215 3415 1388 3498; x_wconf 88' lang='lat' dir='ltr'>quantum</span> <span class='ocrx_word' id='word_1_171' title='bbox 1415 3427 1470 3474; x_wconf 90' lang='lat' dir='ltr'>me</span> 
     </span>
     <span class='ocr_line' id='line_1_23' title="bbox 353 3533 1470 3622; baseline -0.006 -16"><span class='ocrx_word' id='word_1_172' title='bbox 353 3557 451 3606; x_wconf 89' lang='lat' dir='ltr'>amas</span> <span class='ocrx_word' id='word_1_173' title='bbox 485 3544 520 3606; x_wconf 90' lang='lat' dir='ltr'>et</span> <span class='ocrx_word' id='word_1_174' title='bbox 554 3537 692 3622; x_wconf 88' lang='lat' dir='ltr'>amasti,</span> <span class='ocrx_word' id='word_1_175' title='bbox 726 3541 867 3605; x_wconf 87' lang='lat' dir='ltr'>tanturn</span> <span class='ocrx_word' id='word_1_176' title='bbox 902 3556 1022 3604; x_wconf 89' lang='lat' dir='ltr'>amare</span> <span class='ocrx_word' id='word_1_177' title='bbox 1045 3534 1191 3604; x_wconf 88' lang='lat' dir='ltr'>deberes</span> <span class='ocrx_word' id='word_1_178' title='bbox 1214 3555 1255 3602; x_wconf 91' lang='lat' dir='ltr'>ac</span> <span class='ocrx_word' id='word_1_179' title='bbox 1278 3533 1470 3615; x_wconf 88' lang='lat' dir='ltr'>debuisses,</span> 
     </span>
     <span class='ocr_line' id='line_1_24' title="bbox 353 3658 1471 3750; baseline -0.002 -22"><span class='ocrx_word' id='word_1_180' title='bbox 353 3682 550 3750; x_wconf 88' lang='lat' dir='ltr'>numquam</span> <span class='ocrx_word' id='word_1_181' title='bbox 585 3681 679 3730; x_wconf 88' lang='lat' dir='ltr'>esses</span> <span class='ocrx_word' id='word_1_182' title='bbox 713 3681 838 3749; x_wconf 90' lang='lat' dir='ltr'>passus</span> <span class='ocrx_word' id='word_1_183' title='bbox 871 3680 936 3743; x_wconf 91' lang='lat' dir='ltr'>me,</span> <span class='ocrx_word' id='word_1_184' title='bbox 968 3681 1038 3749; x_wconf 91' lang='lat' dir='ltr'>quo</span> <span class='ocrx_word' id='word_1_185' title='bbox 1062 3667 1101 3728; x_wconf 90' lang='lat' dir='ltr'>tu</span> <span class='ocrx_word' id='word_1_186' title='bbox 1125 3658 1343 3743; x_wconf 89' lang='lat' dir='ltr'>abundabas,</span> <span class='ocrx_word' id='word_1_187' title='bbox 1367 3679 1471 3746; x_wconf 80' lang='lat' dir='ltr'>egere</span> 
     </span>
     <span class='ocr_line' id='line_1_25' title="bbox 352 3782 1470 3875; baseline -0.004 -21"><span class='ocrx_word' id='word_1_188' title='bbox 352 3787 507 3868; x_wconf 87' lang='lat' dir='ltr'>consilio,</span> <span class='ocrx_word' id='word_1_189' title='bbox 542 3806 606 3854; x_wconf 90' lang='lat' dir='ltr'>nec</span> <span class='ocrx_word' id='word_1_190' title='bbox 640 3805 734 3854; x_wconf 90' lang='lat' dir='ltr'>esses</span> <span class='ocrx_word' id='word_1_191' title='bbox 769 3805 892 3874; x_wconf 87' lang='lat' dir='ltr'>passus</span> <span class='ocrx_word' id='word_1_192' title='bbox 916 3784 1001 3853; x_wconf 89' lang='lat' dir='ltr'>mihi</span> <span class='ocrx_word' id='word_1_193' title='bbox 1031 3783 1234 3875; x_wconf 90' lang='lat' dir='ltr'>persuaderi</span> <span class='ocrx_word' id='word_1_194' title='bbox 1259 3782 1345 3852; x_wconf 87' lang='lat' dir='ltr'>utile</span> <span class='ocrx_word' id='word_1_195' title='bbox 1370 3783 1470 3851; x_wconf 89' lang='lat' dir='ltr'>nobis</span> 
     </span>
     <span class='ocr_line' id='line_1_26' title="bbox 350 3907 1469 4000; baseline -0.002 -22"><span class='ocrx_word' id='word_1_196' title='bbox 350 3929 426 3980; x_wconf 91' lang='lat' dir='ltr'>esse</span> <span class='ocrx_word' id='word_1_197' title='bbox 460 3912 574 4000; x_wconf 85' lang='lat' dir='ltr'>legem</span> <span class='ocrx_word' id='word_1_198' title='bbox 607 3911 651 3979; x_wconf 91' lang='lat' dir='ltr'>de</span> <span class='ocrx_word' id='word_1_199' title='bbox 685 3910 840 3999; x_wconf 83' lang='lat' dir='ltr'>collegiis</span> <span class='ocrx_word' id='word_1_200' title='bbox 867 3909 1014 3998; x_wconf 87' lang='lat' dir='ltr'>perferri</span> <span class='ocrx_word' id='word_1_201' title='bbox 1029 3913 1067 3994; x_wconf 79' lang='lat'>²).</span> <span class='ocrx_word' id='word_1_202' title='bbox 1092 3909 1159 3978; x_wconf 91' lang='lat' dir='ltr'>Sed</span> <span class='ocrx_word' id='word_1_203' title='bbox 1184 3917 1223 3976; x_wconf 89' lang='lat' dir='ltr'>tu</span> <span class='ocrx_word' id='word_1_204' title='bbox 1247 3916 1386 3977; x_wconf 90' lang='lat' dir='ltr'>tantum</span> <span class='ocrx_word' id='word_1_205' title='bbox 1414 3907 1469 3976; x_wconf 89' lang='lat' dir='ltr'>la·</span> 
     </span>
    </p>
   </div>
   <div class='ocr_carea' id='block_1_3' title="bbox 355 4077 1472 4516">
    <p class='ocr_par' dir='ltr' id='par_1_5' title="bbox 356 4077 1470 4258">
     <span class='ocr_line' id='line_1_27' title="bbox 393 4077 1470 4160; baseline -0.003 -18"><span class='ocrx_word' id='word_1_206' title='bbox 393 4084 423 4156; x_wconf 88' lang='lat' dir='ltr'>l)</span> <span class='ocrx_word' id='word_1_207' title='bbox 464 4081 504 4142; x_wconf 86' lang='lat' dir='ltr'>lta</span> <span class='ocrx_word' id='word_1_208' title='bbox 537 4079 940 4160; x_wconf 85' lang='lat' dir='ltr'>Hoimnnn·Sternkopi,</span> <span class='ocrx_word' id='word_1_209' title='bbox 973 4098 1000 4159; x_wconf 90' lang='lat' dir='ltr'>p.</span> <span class='ocrx_word' id='word_1_210' title='bbox 1031 4083 1086 4152; x_wconf 77' lang='lat'>85;</span> <span class='ocrx_word' id='word_1_211' title='bbox 1119 4078 1271 4159; x_wconf 76' lang='lat' dir='ltr'>Tyrrell</span> <span class='ocrx_word' id='word_1_212' title='bbox 1293 4077 1470 4139; x_wconf 87' lang='lat' dir='ltr'>desanitata</span> 
     </span>
     <span class='ocr_line' id='line_1_28' title="bbox 356 4196 552 4258; baseline 0 -2"><span class='ocrx_word' id='word_1_213' title='bbox 356 4196 410 4257; x_wconf 91' lang='lat' dir='ltr'>loci</span> <span class='ocrx_word' id='word_1_214' title='bbox 431 4196 552 4258; x_wconf 86' lang='lat' dir='ltr'>dubitat.</span> 
     </span>
    </p>

    <p class='ocr_par' dir='ltr' id='par_1_6' title="bbox 355 4309 1472 4516">
     <span class='ocr_line' id='line_1_29' title="bbox 395 4309 1472 4393; baseline -0.003 -21"><span class='ocrx_word' id='word_1_215' title='bbox 395 4312 426 4390; x_wconf 71' lang='lat' dir='ltr'>i)</span> <span class='ocrx_word' id='word_1_216' title='bbox 466 4312 733 4393; x_wconf 81' lang='lat' dir='ltr'>Lacour-Gayet</span> <span class='ocrx_word' id='word_1_217' title='bbox 763 4312 798 4374; x_wconf 86' lang='lat' dir='ltr'>de</span> <span class='ocrx_word' id='word_1_218' title='bbox 822 4313 851 4373; x_wconf 91' lang='lat' dir='ltr'>P.</span> <span class='ocrx_word' id='word_1_219' title='bbox 874 4313 973 4374; x_wconf 86' lang='lat' dir='ltr'>Clodio</span> <span class='ocrx_word' id='word_1_220' title='bbox 995 4331 1021 4392; x_wconf 87' lang='lat' dir='ltr'>p.</span> <span class='ocrx_word' id='word_1_221' title='bbox 1045 4315 1097 4375; x_wconf 89' lang='lat'>38:</span> <span class='ocrx_word' id='word_1_222' title='bbox 1120 4312 1270 4391; x_wconf 83' lang='lat' dir='ltr'>„Magnam</span> <span class='ocrx_word' id='word_1_223' title='bbox 1293 4309 1365 4370; x_wconf 90' lang='lat' dir='ltr'>illud</span> <span class='ocrx_word' id='word_1_224' title='bbox 1388 4309 1472 4370; x_wconf 86' lang='lat' dir='ltr'>nobis</span> 
     </span>
     <span class='ocr_line' id='line_1_30' title="bbox 355 4425 1472 4516; baseline -0.004 -26"><span class='ocrx_word' id='word_1_225' title='bbox 355 4425 573 4490; x_wconf 82' lang='lat' dir='ltr'>admirationem</span> <span class='ocrx_word' id='word_1_226' title='bbox 596 4427 688 4513; x_wconf 86' lang='lat' dir='ltr'>injicit</span> <span class='ocrx_word' id='word_1_227' title='bbox 709 4429 745 4490; x_wconf 89' lang='lat' dir='ltr'>ll.</span> <span class='ocrx_word' id='word_1_228' title='bbox 768 4428 897 4494; x_wconf 88' lang='lat' dir='ltr'>Tullium</span> <span class='ocrx_word' id='word_1_229' title='bbox 919 4446 953 4488; x_wconf 90' lang='lat' dir='ltr'>eo</span> <span class='ocrx_word' id='word_1_230' title='bbox 974 4426 1099 4516; x_wconf 88' lang='lat' dir='ltr'>simplici</span> <span class='ocrx_word' id='word_1_231' title='bbox 1120 4426 1372 4506; x_wconf 78' lang='lat' dir='ltr'>animoluissent,</span> <span class='ocrx_word' id='word_1_232' title='bbox 1385 4425 1472 4498; x_wconf 80' lang='lat' dir='ltr'>horae</span> 
     </span>
    </p>
   </div>
   <div class='ocr_carea' id='block_1_4' title="bbox 0 0 1906 5486">
    <p class='ocr_par' dir='ltr' id='par_1_7' title="bbox 0 0 1906 5486">
     <span class='ocr_line' id='line_1_31' title="bbox 0 0 1906 5486; baseline 0 0"><span class='ocrx_word' id='word_1_233' title='bbox 0 0 1906 5486; x_wconf 95' lang='lat' dir='ltr'> </span> 
     </span>
    </p>
   </div>
  </div>
 </body>
</html>
