3734 5518
953 777 998 845 56

414 974 545 1064 aliquid
582 973 712 1043 habere
748 980 895 1064 possunt
932 973 1037 1042 verba
1072 973 1206 1042 ultima.
1232 973 1268 1043 Si
1290 973 1385 1041 enim
1410 973 1532 1042 Dionis

416 1099 469 1167 vel
503 1098 628 1166 saltem
653 1097 756 1167 Plinii
780 1099 999 1187 temporibus
1023 1097 1177 1167 laudatio
1201 1099 1262 1166 illa
1285 1119 1354 1166 non
1378 1098 1532 1186 amplius

414 1225 641 1312 reperiretur,
664 1223 740 1291 lieri
765 1224 879 1312 potuit
904 1230 942 1290 ut
963 1222 1127 1291 falsarius
1147 1222 1274 1312 aliquis
1285 1242 1350 1290 sua
1362 1223 1534 1290 insereret

413 1348 533 1438 itaque
558 1346 653 1416 velut
676 1348 830 1437 genuino
855 1346 1049 1436 philosophi
1074 1349 1206 1436 scripto
1229 1347 1425 1416 calumnias
1448 1366 1532 1414 suas

414 1475 649 1541 confirmaret.
674 1472 763 1540 Cum
790 1493 870 1539 vero
894 1493 962 1540 noo
978 1471 1111 1540 Plinius
1125 1478 1201 1560 post
1215 1477 1364 1540 mortem
1378 1470 1532 1551 Senecae

414 1597 591 1686 loquatur,
622 1595 683 1664 sed
707 1595 851 1664 Suillius
875 1596 909 1663 in
936 1596 1053 1663 vivum
1077 1595 1258 1678 invehens,
1283 1596 1402 1663 omnia
1426 1595 1531 1684 plana

414 1727 507 1788 sunt.
532 1719 622 1787 Nam
646 1719 870 1808 imperatoris
893 1719 1063 1787 educator
1085 1720 1349 1807 potentissimus
1362 1719 1532 1809 impedire

415 1842 537 1933 procul
560 1842 668 1912 dubio
691 1844 806 1931 potuit
830 1863 875 1912 ne
894 1843 1390 1927 verbasibicontumeliosain
1408 1843 1531 1932 vulgus

413 1967 519 2037 latius
552 1974 778 2052 emanarent;
803 1969 994 2057 quominus
1017 1968 1158 2037 invidus
1181 1967 1308 2060 aliquis
1331 1976 1423 2038 tecte
1447 1989 1531 2037 cou·
1595 1961 1598 1968 ’

412 2101 569 2161 servaret
604 2099 638 2161 et
673 2093 855 2162 occasione
891 2092 1009 2160 oblata
1034 2100 1221 2180 promeret,
1248 2092 1433 2182 prohibere
1460 2113 1529 2161 non

413 2219 536 2306 potuit.
573 2217 738 2285 Attamen
774 2216 830 2285 lac
867 2237 949 2285 vera
984 2237 1070 2299 esse,
1094 2237 1185 2307 quae
1212 2217 1399 2286 Diderut
1422 2217 1525 2286 ratio·

413 2342 563 2424 eluatur,
605 2363 675 2410 non
719 2342 871 2410 multum
916 2342 1058 2430 prodest
1097 2340 1212 2410 lamae
1248 2342 1412 2426 Senecae,
1447 2362 1529 2410 nam

413 2485 583 2553 germana
602 2464 660 2533 illa
674 2464 865 2534 consolatio
878 2465 912 2532 in
927 2467 1132 2533 universum
1147 2466 1396 2554 suppositlciae
1409 2465 1533 2534 similis

413 2590 522 2658 luisse
545 2589 649 2658 debet
672 2589 861 2679 (Gerclre
886 2609 919 2678 p.
942 2587 1034 2674 287).
1060 2629 1099 2638 -

457 2713 532 2781 lam
578 2713 621 2781 de
657 2713 779 2782 Ludo
814 2712 1001 2782 dicendum
1039 2721 1103 2796 est,
1137 2734 1243 2802 quem
1281 2714 1434 2782 Senecae
1462 2735 1531 2782 non

412 2858 489 2907 esse
543 2838 698 2923 ultimus,
747 2843 921 2927 quantum
967 2841 1049 2923 scio,
1097 2839 1339 2908 demonstrare
1397 2838 1532 2907 studuit

413 2963 453 3031 Α.
479 2963 520 3032 G:
540 2963 582 3032 H.
607 2963 933 3053 Boissevain1)‚
958 2965 1060 3032 culus
1084 2972 1293 3053 argumenta
1318 2964 1530 3053 redarguere

412 3087 579 3156 conabor.

413 3303 627 3313 ...ι-

453 3426 484 3506 l)
526 3426 565 3487 lle
587 3425 668 3488 Lndo
689 3425 724 3488 de
747 3426 837 3488 Morte
859 3427 971 3488 Claudii
994 3427 1130 3488 Caesarm
1150 3427 1230 3505 Spec.
1244 3425 1297 3486 tiu
1310 3425 1405 3504 inaug.
1418 3425 1532 3504 scripsit

413 3540 446 3601 Α.
479 3541 510 3602 u.
542 3540 576 3600 H.
608 3540 829 3602 Bolsseraln
860 3542 947 3621 Lugd
973 3542 1032 3602 Bal.
1055 3543 1133 3603 lette
1156 3559 1182 3621 p.
1206 3543 1313 3604 3-tt.
1335 3541 1463 3602 Libellus
1486 3540 1532 3601 hic

414 3659 546 3731 Ballio,
568 3658 619 3737 qui
642 3676 734 3737 nuper
754 3657 869 3718 Ludum
890 3657 979 3719 edidit
999 3658 1044 3728 (A.
1067 3656 1097 3717 P.
1120 3656 1413 3718 BallTheSatireol
1426 3657 1531 3718 Seneca

413 3793 449 3835 on
471 3776 519 3837 the
540 3772 704 3854 apotheosis
725 3773 758 3833 ol
776 3772 914 3834 Claudius
935 3780 999 3844 ete,
1020 3773 1338 3834 Neu-Yorlr—London
1361 3775 1453 3852 leon)
1474 3791 1531 3833 non

414 3889 574 3952 innotuisse
605 3889 726 3951 videtur.
748 3887 826 3950 ldem
848 3888 941 3950 editor
960 3888 1015 3950 alia
1036 3907 1154 3968 quoque
1174 3897 1351 3968 argumenta,
1372 3907 1447 3967 quae
1468 3890 1532 3950 alle·

414 4015 518 4067 runtur
539 4005 573 4067 ad
595 4003 851 4066 demonstrandum
873 4003 1010 4066 Senecam
1032 4023 1088 4065 non
1100 4023 1163 4065 esse
1174 4010 1320 4065 auctorem
1332 4002 1416 4075 Ludi,
1427 4004 1533 4065 rehrtat

413 4139 476 4202 pag.
499 4123 627 4193 23-48,
647 4120 683 4182 de
704 4119 821 4181 nomine
842 4119 945 4181 satirae
965 4119 1093 4200 disputat
1114 4137 1140 4199 p.
1163 4121 1291 4182 te-ue.
1311 4119 1392 4200 Opus
1405 4119 1532 4182 hactum

412 4235 531 4298 demum
572 4236 703 4316 cognovi,
744 4253 812 4297 cum
855 4235 982 4316 paginae,
1024 4235 1133 4314 quibus
1173 4234 1357 4313 quaestiones
1384 4235 1420 4296 de
1452 4234 1532 4296 Ludo

413 4357 579 4423 tractantur,
600 4352 657 4413 iam
680 4352 735 4413 suh
758 4351 837 4431 prelo
858 4358 947 4412 erant.
971 4350 1105 4412 Perlectis
1127 4355 1247 4430 usquae
1269 4350 1348 4412 Ball
1369 4350 1478 4422 scribit,
1502 4350 1531 4412 in

413 4465 558 4547 plerisque
580 4467 666 4528 rebus
689 4485 801 4528 mecum
824 4465 908 4528 illurn
929 4465 1089 4528 consentire
1110 4465 1230 4544 gaudeo.
