3734 5518
348 2553 390 2620 16
425 2553 505 2623 ian.
530 2554 877 2644 (a.d.XV11-Kal.

347 2659 485 2746 Febr.)
531 2683 563 2729 a.
598 2663 642 2730 13
675 2664 879 2754 triumphus

346 2767 474 2836 Tiberii
487 2768 530 2836 rie
548 2770 739 2839 Germania
751 2773 878 2860 agitur.

346 3661 390 3729 19
413 3662 518 3751 Aug.
544 3670 590 3750 (a.
611 3666 644 3736 d.
669 3665 763 3736 XIV
788 3668 877 3736 Kal.

345 3768 480 3860 Sept.)
538 3794 568 3840 a.
619 3772 662 3841 14
698 3773 879 3863 Augustus

347 3884 594 3947 mortuusest.

937 954 967 1001 a.
992 935 1015 1001 9
1038 934 1205 1003 Tristium
1219 934 1240 1004 1.
1254 935 1281 1020 l,
1294 936 1328 1003 in
1342 937 1467 1004 itinera

937 1041 1100 1130 scriptus,
1112 1040 1260 1110 Romam
1271 1042 1468 1111 mittituret

935 1200 1077 1269 eodem
1089 1220 1196 1269 anno
1208 1200 1375 1270 Tristium
1390 1202 1410 1271 1.
1425 1202 1466 1272 ΙΙ.

935 1380 967 1428 a.
990 1359 1035 1428 10
1057 1359 1225 1429 Tristium
1238 1360 1260 1428 l.
1274 1360 1333 1444 iii,
1345 1363 1465 1431 statim

936 1473 1014 1556 post
1036 1465 1068 1533 Il
1092 1469 1254 1557 scriptus,
1279 1487 1359 1536 vere
1379 1489 1411 1538 a.
1423 1467 1468 1536 10

935 1572 1081 1642 Romam
1107 1574 1269 1643 mittitur.

934 1733 1056 1801 inter
1086 1753 1228 1802 annos
1262 1735 1310 1802 11
1349 1741 1392 1803 et
1414 1735 1466 1803 12

934 1838 1102 1907 Tristium
1127 1839 1148 1908 i.
1174 1839 1230 1909 IV.

933 1999 1056 2068 inter
1089 2020 1230 2069 annos
1260 2000 1313 2069 12
1345 2008 1389 2070 et
1422 2000 1467 2069 13

934 2104 1102 2174 Tristium
1149 2105 1171 2173 l.
1207 2106 1247 2190 V,
1282 2108 1343 2196 qui
1377 2106 1466 2175 liber

934 2210 1117 2281 absolutus
1168 2219 1222 2281 ast
1274 2221 1465 2303 antequam

934 2320 1080 2388 nuntius
1092 2318 1465 2409 detriumpho'l'iberii

933 2425 1062 2495 Tomos
1086 2426 1243 2515 perlatus
1266 2434 1331 2495 ast.

931 2928 962 2974 a.
987 2905 1031 2974 13
1045 2905 1283 2995 Epistularum
1297 2926 1339 2973 ex
1356 2906 1467 2975 Ponto

931 3012 965 3081 ll.
991 3012 1111 3096 l—ill‚
1132 3014 1236 3081 variis
1248 3013 1467 3101 temporibus

930 3120 1052 3208 scripti
1095 3120 1180 3205 (vid.
1223 3119 1343 3206 infra),
1382 3118 1466 3188 editi

931 3232 1024 3294 sunt.

975 3333 1045 3400 [bis
1069 3339 1146 3421 post
1162 3351 1295 3400 annum
1309 3331 1331 3399 8
1344 3352 1465 3399 verum

930 3448 1013 3508 anto
1027 3447 1175 3507 mortem
1191 3438 1341 3526 Augusti
1354 3439 1466 3528 scrip-

934 3553 992 3614 tus
1015 3552 1078 3614 est.

792 3997 795 4003 '
935 3988 1025 4056 iiber
1046 3987 1092 4056 IV
1107 4009 1149 4054 ex
1163 3987 1211 4070 Ρ.,
1225 3996 1303 4078 post
1318 3997 1465 4057 mortem

934 4094 1076 4163 demum
1103 4102 1225 4184 poetae
1245 4095 1469 4178 editus,oon·

933 4202 1022 4269 tinet
1063 4202 1232 4290 epistulas
1276 4221 1386 4291 usque
1423 4203 1466 4270 ad

932 4329 1097 4376 annum
1120 4307 1173 4376 16.

344 4424 407 4493 An
422 4449 474 4496 no
497 4427 540 4495 17
562 4429 709 4498 Ovidius
734 4438 895 4500 mortuus
918 4443 981 4500 ast.
