3792 5486
967 705 1033 773 160

436 904 615 993 scriptam,
629 909 669 973 ut
677 903 843 992 Pompeio
852 905 1074 975 stomachum
1085 927 1153 975 non
1167 906 1390 977 mediocriter
1398 929 1555 979 commo·

437 1035 544 1112 veret,
557 1029 649 1117 quod
663 1029 818 1120 quadam
831 1031 1037 1119 superbiore
1048 1032 1216 1100 iactantia
1228 1033 1438 1101 omnibusse
1446 1033 1553 1121 glori-

435 1154 504 1223 osis
524 1153 673 1223 duchus
693 1155 945 1243 anteponeret''
966 1155 1096 1244 (Schol.
1117 1155 1201 1226 Bob.
1215 1157 1248 1225 iu
1263 1162 1349 1226 orat.
1366 1178 1397 1245 p.
1410 1156 1552 1226 Plancio

435 1301 468 1368 p.
480 1278 548 1347 270
559 1299 610 1369 sq.
623 1279 676 1347 ed.
692 1278 749 1349 Or.
764 1279 808 1348 cf.
822 1300 885 1368 pro
898 1279 995 1349 Sulla
1007 1280 1061 1365 67,
1076 1302 1138 1370 pro
1152 1280 1269 1351 Plauc.
1281 1281 1352 1370 85).
1365 1281 1552 1370 Pompeius

434 1414 558 1475 contra
581 1405 616 1473 io
640 1404 766 1473 littaris
790 1406 872 1486 sule,
893 1426 982 1494 quas
1003 1406 1140 1494 publice
1162 1407 1266 1491 misit,
1280 1427 1405 1495 parum
1419 1405 1552 1494 signifi·

433 1531 526 1599 cavit
538 1551 638 1598 suam
652 1550 736 1618 erga
748 1529 951 1600 Ciceronem
966 1532 1195 1614 voluntatem,
1209 1537 1249 1600 ut
1262 1531 1318 1600 hic
1330 1531 1478 1600 coniecit
1491 1530 1550 1618 (ad

435 1654 456 1722 f.
482 1655 510 1724 V
535 1655 581 1740 7),
615 1656 813 1723 veritusne
846 1661 1003 1724 veterum
1025 1675 1171 1724 suorum
1192 1655 1357 1740 hostium,
1378 1676 1551 1724 novorum

432 1781 640 1864 amicorum,
660 1780 693 1848 id
714 1788 769 1848 est
788 1779 947 1849 Caesaris
967 1787 1003 1848 et
1023 1781 1258 1871 popularium,
1282 1782 1419 1849 ammos
1443 1779 1550 1850 olleo·

432 1905 540 1974 deret.
562 1904 693 1974 Eodem
714 1906 788 1974 fere
808 1911 966 1995 tempore
986 1905 1107 1975 Cicero
1127 1906 1271 1994 quidem
1290 1906 1326 1973 in
1343 1904 1548 1996 epIstulaad

432 2030 614 2099 Metellum
634 2030 717 2099 data
736 2050 773 2098 se
792 2031 1029 2100 necessarium
1051 2031 1195 2120 Pompei
1215 2032 1322 2101 iactat
1342 2030 1409 2119 (Ol.
1426 2030 1468 2098 ad
1483 2030 1549 2099 tv

430 2155 511 2245 26),
543 2155 603 2224 sed
634 2155 764 2225 locutio
796 2161 849 2224 est
880 2155 1041 2236 hominis,
1073 2165 1114 2225 ut
1135 2155 1251 2239 :verbo
1287 2156 1422 2225 novicio
1458 2161 1547 2238 utar,

430 2280 657 2370 diplomatici,
681 2302 763 2349 nam
788 2279 855 2348 sub
878 2280 970 2350 idem
984 2287 1125 2369 tempus
1146 2279 1333 2370 Pompeius
1349 2300 1413 2369 per
1426 2279 1548 2348 Metel-

430 2407 504 2475 lum
534 2407 728 2490 tribunum,
757 2405 903 2473 fratrem
925 2405 1064 2474 eiusad
1086 2425 1192 2493 quem
1213 2405 1296 2474 data
1314 2410 1368 2473 est
1386 2404 1547 2494 epistula,

430 2532 664 2620 optimatium,
677 2529 710 2597 id
725 2535 788 2614 est,
802 2529 978 2599 Ciceronis
987 2530 1147 2618 partibus
1156 2530 1423 2614 adversabatur3
1434 2549 1547 2620 neque

428 2658 459 2724 is
471 2656 648 2726 consulari
660 2657 725 2745 ipsi
740 2654 905 2746 parcebat
917 2653 968 2741 (ib
980 2653 998 2743 ἓ
1010 2656 1032 2721 8
1043 2656 1120 2742 sq.),
1134 2654 1194 2742 qui
1208 2674 1272 2744 par
1284 2655 1359 2743 pari
1372 2651 1548 2722 referebat
1570 2643 1574 2650 ’

429 2784 601 2867 (oratione
627 2781 805 2851 Metellina
827 2782 871 2850 cI.
896 2780 938 2850 ad
965 2777 1352 2867 Att.Il3.5).-Brevi
1365 2785 1443 2869 post
1455 2780 1547 2847 iuter

428 2906 635 2996 Pompeium
659 2917 694 2975 et
707 2905 886 2975 Metellum
900 2905 1087 2975 discidium
1098 2905 1231 2973 exstitIt
1244 2910 1318 2972 tam
1331 2902 1490 2993 publicas
1501 2901 1546 2971 ob

427 3051 552 3102 causas
587 3052 694 3122 qoam
731 3031 776 3101 ob
799 3031 987 3121 repudium
1013 3029 1160 3099 Muciae.
1184 3069 1228 3080 -
1253 3028 1439 3117 Pompeius
1462 3048 1544 3097 cum

427 3155 574 3226 Romam
599 3157 742 3225 revertit
765 3156 971 3239 Antonium,
995 3155 1056 3244 qui
1080 3153 1213 3242 collega
1228 3153 1345 3222 fuerat
1357 3151 1543 3231 Ciceronis,

426 3288 547 3370 aperte
589 3301 820 3370 aggressurus
862 3301 937 3349 esse
972 3280 1110 3358 dicitur,
1145 3279 1212 3367 ipsi
1248 3277 1426 3358 „constat”
1461 3296 1543 3344 eum

427 3407 701 3489 „amicissimum
726 3406 822 3475 esse’⁸
847 3405 906 3492 (ad
932 3404 1004 3474 Att.
1029 3404 1044 3472 Ι
1068 3403 1141 3473 lai
1168 3409 1203 3471 et
1226 3401 1274 3490 3).
1298 3401 1376 3470 Non
1398 3401 1542 3469 nimiam

426 3536 544 3599 tamur
568 3531 644 3598 eius
656 3530 764 3599 luisse
777 3529 943 3600 fiduciam
957 3534 1104 3618 apparet
1116 3549 1159 3597 ex
1172 3527 1232 3596 Illa
1245 3547 1385 3596 morum
1399 3526 1542 3613 Pompei

425 3655 622 3724 notatione:
666 3655 785 3740 „Tuus
827 3663 947 3724 autem
989 3653 1047 3722 ille
1081 3654 1217 3723 amicus
1251 3691 1294 3702 -
1328 3653 1401 3722 scin
1436 3671 1541 3741 quem

425 3778 565 3849 dicaml
591 3819 629 3828 —
655 3779 698 3847 de
722 3799 791 3868 quo
815 3788 855 3847 tu
878 3779 922 3848 ad
947 3800 1004 3847 me
1028 3778 1208 3867 scripsisti,
1228 3783 1459 3866 posteaquam
1472 3794 1541 3842 non

424 3904 572 3973 auderet
597 3904 867 3993 reprehendere,
891 3904 1037 3972 laudare
1060 3903 1225 3992 coepisse,
1239 3921 1314 3986 nos,
1327 3908 1367 3969 ut
1379 3898 1542 3977 ostendit,

424 4029 614 4098 admodum
661 4029 783 4118 diligit,
829 4028 1065 4118 amplectitur,
1111 4033 1217 4106 amat,
1252 4030 1373 4115 aperte
1408 4021 1540 4106 laudat,

424 4155 570 4234 occulte,
605 4154 664 4222 sed
700 4153 762 4238 ita,
786 4161 826 4221 ut
849 4153 1075 4242 perspicuum
1099 4152 1154 4231 sit,
1179 4149 1320 4219 invidet.
1344 4145 1540 4237 (Tyrrell

392 4261 473 4347 'clt
507 4279 549 4347 ad
586 4279 609 4347 f.
645 4278 723 4348 VIII
758 4277 830 4347 l.3:
866 4277 954 4346 solet
982 4277 1076 4345 enim
1100 4275 1194 4345 aliod
1220 4275 1350 4344 sentire
1373 4279 1409 4341 et
1432 4271 1539 4361 loqui,

420 4423 536 4493 neque
571 4409 710 4472 tantum
746 4403 861 4471 valere
895 4403 1036 4490 ingenio
1072 4407 1111 4469 ut
1145 4420 1215 4469 non
1251 4402 1421 4488 appareat
1452 4395 1537 4485 quid
