3734 5518
941 591 986 660 30

409 789 603 857 versarium
635 807 672 856 se
703 792 900 875 praestaret
920 786 1187 858 formidolosum
1213 787 1526 878 metuendumque,

371 973 374 980 l
409 933 514 1003 quem
550 912 615 980 sibi
646 911 834 981 conciliare
865 932 1079 1002 magnopere
1114 913 1308 982 nobilitatis
1330 915 1525 982 interesset.

408 1036 532 1126 ltaque
566 1035 796 1123 popularibus
829 1056 866 1104 se
901 1037 1064 1124 applicat,
1096 1036 1225 1125 quibus
1248 1046 1334 1107 tunc
1356 1039 1527 1127 temporis

408 1163 445 1230 iu
469 1162 662 1230 certamine
685 1168 808 1229 contra
832 1160 966 1230 nobiles
988 1163 1125 1251 equites
1145 1169 1246 1230 erant
1265 1163 1526 1252 socii‚quorum

410 1287 603 1355 commodis
626 1286 755 1354 iudicia
778 1287 965 1370 senatoria,
988 1307 1079 1374 quae
1100 1286 1360 1373 provinciarum
1373 1294 1528 1355 rectores

277 1469 281 1478 .
410 1411 573 1500 quamvis
607 1416 725 1478 sontes
760 1430 899 1498 semper
933 1410 1166 1494 absolverent,
1204 1411 1303 1480 valde
1342 1411 1526 1481 nocebant.

411 1535 502 1604 Sane
541 1556 606 1624 par
636 1536 714 1623 pari
754 1534 954 1603 referebant
987 1556 1067 1603 curn
1099 1541 1182 1604 ante
1218 1535 1471 1624 rempublicam
1507 1557 1528 1604 a

280 1746 283 1750 Ι
412 1660 509 1729 Sulla
554 1679 759 1728 conversam
806 1660 1034 1747 proconsules
1078 1667 1114 1728 et
1165 1667 1421 1750 propraetores,
1467 1661 1545 1748 qui¹

412 1790 535 1855 contra
586 1783 856 1873 publicanorum
903 1784 1051 1852 iniurias
1108 1783 1380 1874 provincialibus
1426 1803 1528 1872 opem

410 1910 577 1993 tulerant,
624 1909 666 1981 de
712 1909 916 1996 repetundis
962 1907 1035 1977 lere
1069 1907 1340 1992 damnarentur3
1378 1908 1530 1998 populus

412 2040 531 2103 autem
555 2035 625 2104 cito
649 2034 841 2121 praeterita
864 2031 956 2104 mala
980 2032 1212 2118 obliviscitum
1232 2035 1282 2102 ita
1304 2039 1344 2100 ut
1370 2032 1530 2102 Ciceroni

413 2159 515 2228 facile
557 2157 717 2228 erederet
758 2178 861 2239 „cum
896 2166 1060 2250 equester
1094 2157 1179 2227 ordo
1213 2158 1386 2226 iudicaret
1419 2177 1531 2225 anuos

414 2303 524 2371 prope
547 2282 804 2371 quinquaginta
828 2283 1023 2366 continuos,
1044 2282 1079 2350 iu
1104 2282 1532 2352 nulloiudicenetenuis·
1612 2281 1613 2288 ’

414 2409 541 2476 simam
571 2406 714 2495 quidem
746 2407 980 2493 suspicionem
1005 2413 1169 2494 acceptae
1193 2408 1364 2495 pecuniae
1387 2405 1432 2474 ob
1455 2425 1530 2474 rem

415 2532 640 2601 iudicandam
664 2531 892 2599 constitutam
916 2531 1014 2602 esse''
1039 2530 1154 2618 (Verr.
1168 2531 1246 2601 Act.
1263 2531 1361 2620 138).
1386 2530 1532 2599 Foederi

415 2656 672 2738 „miserorum”
703 2676 784 2724 eum
812 2653 967 2739 „beatis”
991 2655 1050 2742 (ad
1073 2655 1147 2723 ntt.
1173 2654 1191 2726 I¹
1213 2655 1304 2744 ibt)
1328 2676 1409 2723 cum
1434 2653 1532 2723 Cice-

417 2801 501 2851 rone
536 2800 573 2848 se
607 2780 769 2848 adiunxit
805 2779 993 2868 Pompeius
1027 2800 1048 2847 a
1083 2779 1238 2848 Fortuna
1275 2780 1448 2848 maturius
1487 2778 1530 2847 ad

417 2926 544 2993 magua
577 2910 731 2974 vocatus.
767 2902 999 2992 Temporibus
1032 2903 1185 2973 Sullanis
1219 2905 1356 2992 private
1387 2883 1550 2992 sumptu⁶

415 3030 609 3098 exercitum
643 3027 709 3097 sibi
743 3032 1020 3116 comparaverat,
1040 3029 1158 3096 statim
1183 3033 1262 3116 post
1286 3033 1435 3097 mortem
1459 3028 1529 3096 dic·

416 3154 540 3222 tatoris
563 3172 643 3222 cum
669 3150 897 3240 optimatibus
922 3151 1052 3244 Lepido
1075 3154 1254 3222 restiterat
1275 3159 1312 3221 et
1333 3153 1531 3240 praemium

418 3278 622 3345 meritorum
648 3265 887 3345 Sertorianam
912 3277 1127 3364 provinciam
1146 3275 1467 3364 acceperat(Mom
1480 3297 1533 3344 m·

417 3422 492 3469 sen
517 3401 557 3470 R.
581 3400 622 3469 G.
646 3399 702 3467 111⁶
724 3421 758 3488 p.
782 3399 851 3486 28),
874 3402 945 3469 iam
969 3398 1091 3468 —lex
1115 3403 1209 3469 euim
1227 3422 1364 3469 merum
1378 3403 1532 3490 equitem

418 3525 559 3594 vetabat
594 3525 744 3592 maiores
780 3531 899 3612 petere
924 3526 1151 3614 magistratus
1174 3563 1218 3574 -
1241 3526 1430 3614 imperium
1452 3525 1533 3593 belli

418 3646 648 3717 Mithridatici
671 3646 903 3736 extorquebat
927 3648 989 3736 (ib.
1014 3670 1046 3738 p.
1070 3647 1115 3716 98
1137 3650 1240 3739 sqq.).

463 3769 512 3839 Ex
537 3770 678 3840 loedere
702 3773 780 3850 isto,
804 3772 861 3840 cui
884 3771 1050 3842 nobilitas
1072 3772 1188 3863 impar
1210 3780 1287 3842 erat
1310 3773 1369 3858 (ib.
1395 3795 1428 3863 p.
1441 3773 1534 3864 101),

418 3896 662 3986 uuusquisque
709 3895 883 3963 sociorum
929 3916 993 3965 sua
1028 3896 1139 3986 spolia
1177 3900 1386 3987 reportavit:
1430 3897 1534 3966 Pom·

419 4020 519 4108 peius
549 4020 752 4108 imperium,
776 4021 914 4110 equites
936 4020 1076 4101 iudicia,
1096 4021 1285 4111 populares
1313 4022 1534 4091 tribunatum

286 4235 294 4250 ·
419 4143 635 4211 restitutum.

464 4266 503 4334 In
539 4269 762 4357 optimatium
797 4269 931 4338 cladem
957 4269 1078 4339 Cicero
1102 4291 1243 4360 quoque
1266 4291 1367 4339 suam
1391 4291 1535 4362 operam
