3734 5518
907 665 947 732 bl

411 859 448 928 ln
487 860 551 930 lroc
588 881 657 929 uno
691 881 773 929 cum
809 860 1110 931 Boissevanio
1135 861 1247 930 sentio
1270 861 1485 950 Agrippinae

365 983 471 1053 alicui
505 985 660 1053 asseclae
696 985 842 1053 satiram
879 985 922 1054 de
958 985 1104 1056 Claudio
1135 985 1360 1054 tribuendam
1390 1004 1485 1067 esse;

372 1129 494 1177 verum
517 1108 651 1179 assecla
677 1109 735 1178 ille
758 1108 826 1178 luit
850 1149 892 1160 -
916 1112 1060 1182 Seneca.
1084 1149 1128 1161 —

410 1235 457 1303 Ut
479 1235 653 1304 rationem
679 1232 891 1304 subducam:
913 1235 1197 1304 tontesnobisatl
1224 1242 1484 1304 manumsunt:

456 1356 490 1426 l⁰
509 1378 599 1448 quos
617 1359 684 1448 ipsi
708 1359 897 1448 scriptores
920 1358 1051 1448 publici
1083 1360 1169 1428 iuris
1188 1379 1264 1427 esse
1280 1360 1483 1427 voluerunt:

410 1483 648 1554 Ciceronis
671 1485 857 1564 orationes,

412 1607 561 1678 Ovidii
588 1609 899 1698 Metamorphoses,
922 1608 1060 1694 Tristia,
1084 1630 1128 1679 ex
1140 1608 1252 1678 Ponto
1272 1608 1485 1692 l-lIl,lbis‚

411 1733 611 1804 Senecae
634 1733 826 1802 consolatio
849 1733 893 1802 ad
920 1733 1079 1804 Helviam
1107 1742 1274 1817 matrem3

454 1858 490 1926 2⁰
512 1878 601 1948 quos
625 1859 768 1927 omnino
792 1857 961 1928 abscondi
985 1858 1205 1928 maluerunt:

410 1981 649 2051 Ciceronis
671 1981 904 2073 epistularum
929 1983 972 2051 ud
998 1983 1155 2053 Atticum
1181 1983 1202 2052 l.
1229 1983 1288 2068 lli,
1311 1982 1356 2051 ad
1369 1982 1485 2051 Fami·

365 2105 470 2173 iiarcs
493 2106 514 2174 l.
541 2105 629 2190 xlv,
654 2108 697 2176 cu
714 2105 885 2187 Quintum
911 2108 1057 2176 fratrem
1081 2107 1103 2175 l.
1127 2107 1153 2188 l,

410 2230 611 2300 Senecae
634 2232 827 2301 consolatio
850 2231 894 2299 ad
919 2231 1105 2320 Polybium
1129 2238 1164 2299 et
1191 2230 1328 2315 Ludus3

453 2354 498 2448 3⁰·
512 2375 602 2446 quos
626 2375 721 2425 mors
740 2356 965 2446 imperfectos
991 2355 1192 2446 relinquere
1215 2356 1343 2444 coligit:

412 2479 565 2549 Ovidii
589 2480 683 2549 Fasti
706 2489 742 2550 et
765 2479 787 2550 l.
810 2480 858 2549 IV
881 2481 1113 2570 epistularum
1139 2501 1181 2549 ex
1206 2479 1328 2549 Ponto.
1356 2520 1393 2528 -

417 2603 604 2673 Praeterea
632 2605 779 2675 Ovidius
802 2606 838 2674 in
862 2604 1322 2695 exiliocarminaquaedam
1337 2606 1486 2694 scripsit,

368 2749 461 2819 quae
484 2729 527 2798 ad
553 2750 617 2799 nos
641 2751 708 2799 non
736 2738 972 2820 pervenerunt
992 2736 1038 2820 1):

410 2851 442 2922 l.
474 2853 625 2923 Carmen
658 2855 694 2923 in
731 2854 861 2924 Tiberii
899 2855 943 2924 de
973 2854 1155 2925 Pannonia
1178 2855 1416 2944 triumphum:
1440 2875 1483 2922 ex

368 2977 869 3070 Rffltmssafflm:

525 3130 637 3209 Nuper,
659 3137 694 3191 ut
716 3130 773 3191 buc
797 3132 898 3209 magui
919 3133 1057 3210 pervenit
1078 3131 1157 3191 lama
1178 3131 1332 3209 triumphi,

565 3247 666 3307 Ausus
686 3266 752 3307 snm
774 3253 876 3306 mutae
897 3265 1015 3307 sumere
1036 3246 1122 3308 molis
1143 3265 1225 3325 opus.

409 3387 442 3457 2.
466 3387 617 3457 Carmen
643 3389 679 3457 in
707 3390 876 3458 bonorem
902 3389 1053 3478 Augusti
1075 3408 1199 3457 recens
1224 3389 1371 3458 mortui:

531 3539 626 3610 Quale
647 3544 746 3599 temen
768 3540 862 3618 potui,
883 3539 920 3599 (le
941 3539 1056 3611 caelite,
1078 3541 1180 3616 Brute,
1201 3540 1312 3600 receati

565 3655 674 3715 Vestro
694 3655 795 3733 procul
817 3655 931 3733 positus
951 3672 1070 3714 carmen
1092 3655 1124 3714 ia
1145 3673 1199 3715 ora
1218 3654 1297 3715 dedi.

1082 3772 1135 3846 (ex
1156 3770 1189 3830 P.
1212 3769 1255 3828 IV
1278 3772 1305 3830 u.
1331 3773 1366 3830 l'l
1388 3774 1445 3850 aq.)

527 3904 709 3966 Perveniaot
729 3905 805 3964 istuc
826 3909 856 3964 et
876 3904 1011 3964 carmina
1030 3902 1154 3964 lorsiten
1176 3903 1237 3978 ille,

565 4018 706 4089 Quaado
728 4025 757 4079 tc
778 4021 844 4079 misi
866 4019 972 4080 caelite
992 4018 1071 4079 lacte
1091 4036 1177 4080 novo.

1055 4138 1106 4210 (ex
1127 4135 1161 4195 P.
1183 4134 1227 4194 IV
1249 4137 1278 4198 9.
1302 4136 1355 4193 131
1378 4138 1443 4213 η).

408 4341 440 4414 l)
481 4341 522 4402 Cl.
543 4341 650 4402 Owen
672 4340 684 4400 l
706 4359 733 4419 p.
754 4339 846 4400 xxvi
868 4358 910 4418 sq.
