3778 5488
951 722 1019 791 260

514 925 660 993 Romam
686 922 913 1011 Fregellanus
928 921 1076 989 nuntius
1088 919 1180 987 diem
1195 925 1406 1008 noctemque
1417 918 1543 985 itinere

425 1051 631 1119 continuato
667 1049 845 1136 ingentem
877 1044 996 1114 attulit
1019 1054 1211 1126 terrorem;
1235 1041 1544 1112 tumultuosiorem

425 1195 532 1263 quam
569 1173 698 1241 aliatus
732 1177 809 1238 erat
843 1189 1037 1238 concursus
1073 1169 1255 1236 hominum
1291 1166 1547 1256 adfingentium

427 1319 517 1366 vana
539 1297 669 1365 auditis
691 1300 766 1363 tota
790 1295 878 1362 urbe
902 1294 1064 1362 concitat.

963 1461 1021 1530 IV.

472 1608 543 1676 [ἰν.
567 1607 622 1692 27,
645 1605 740 1674 273:

471 1731 634 1800 Numidis
664 1729 875 1818 speculator,
908 1749 1132 1818 nequaquam
1164 1729 1200 1796 in
1225 1748 1325 1816 spem
1351 1732 1470 1795 tantae
1495 1727 1546 1794 rei

427 1857 619 1947 positus
642 1855 701 1924 sed
728 1855 757 1922 si
782 1873 870 1943 quos
896 1872 1001 1942 vagos
1025 1852 1144 1943 pabuli
1168 1859 1230 1922 aut
1251 1853 1426 1940 lignorum
1440 1871 1547 1920 causa

428 1981 568 2069 longius
602 2001 624 2047 a
658 1979 783 2048 castris
817 1997 1020 2068 progressos
1045 1982 1188 2066 possent
1210 1977 1382 2064 excipere,
1406 1976 1546 2064 signum

428 2106 501 2185 dat,
524 2111 565 2173 ut
589 2104 720 2194 pariter
743 2102 788 2170 ab
811 2103 884 2170 suis
907 2103 1057 2191 quisque
1081 2101 1225 2170 latebris
1248 2109 1489 2170 exorerentur.

516 2228 584 2296 Pro
609 2228 789 2316 positus
813 2227 1020 2294 restituatur
1045 2226 1219 2316 positis.

974 2393 1013 2462 v.

472 2538 552 2607 rac.
578 2539 668 2605 nnn.
693 2535 859 2604 xrvas:
895 2482 898 2487 ¹

517 2660 693 2729 Boudicca
723 2681 831 2729 curru
856 2659 947 2728 filias
970 2680 1054 2748 prae
1078 2680 1115 2728 se
1141 2659 1281 2738 vehens.
1305 2667 1345 2729 ut
1368 2680 1547 2748 quamque

427 2787 607 2854 nationem
633 2790 840 2863 accesserat,
863 2785 1006 2852 solitum
1027 2784 1170 2872 quidem
1194 2785 1373 2852 Britannis
1397 2783 1547 2851 semina·

427 2930 508 2978 rum
544 2909 652 2978 ductu
679 2908 808 2977 bellare
831 2908 1047 2992 testabatur3
1071 2908 1144 2976 sed
1170 2915 1256 2978 tunc
1281 2929 1350 2977 non
1376 2916 1415 2976 ut
1438 2909 1546 2976 tantis

428 3033 620 3103 maioribus
654 3039 769 3101 ortam
805 3053 955 3120 regnum
990 3040 1026 3102 et
1056 3053 1150 3122 opes,
1185 3053 1306 3101 verum
1332 3038 1372 3100 ut
1395 3052 1546 3100 uname

428 3159 532 3246 vulgo
556 3157 755 3226 libertatem
781 3156 957 3239 amissam,
975 3156 1175 3226 confectum
1191 3156 1396 3225 verberibus
1407 3175 1546 3244 corpus,

427 3287 682 3351 contrectatam
709 3280 862 3349 filiarum
888 3280 1092 3371 pudicitiam
1118 3281 1249 3351 ulcisci.

517 3405 585 3474 Pro
608 3405 686 3473 sed
711 3404 787 3494 lege
811 3405 887 3472 sed
912 3425 967 3474 se.

963 3547 1019 3615 vi.

473 3717 611 3785 Terent.
637 3717 762 3785 Heaut.
787 3715 900 3784 ltsu
923 3737 987 3804 pro

605 3839 691 3928 quid
716 3839 808 3909 istuc
833 3839 974 3908 malisti

428 3963 616 4052 legendum
636 3971 705 4032 est:

606 4089 691 4178 quid
715 4089 816 4174 istite,
842 4089 987 4174 malum,
1010 4090 1088 4157 esti

954 4258 1025 4326 VII.

429 4389 733 4480 fflmww
