3734 5518
895 695 899 702 '
970 697 1016 765 26

432 892 571 972 habeat,
593 893 628 961 id
653 899 716 979 est,
739 894 886 964 Roscius
908 894 944 960 in
965 895 1180 963 accusatoris
1203 895 1335 963 scelere
1357 897 1549 984 acquiescit

432 1025 468 1086 et
501 1017 626 1087 liberto
657 1018 858 1088 avidissimo
881 1020 1010 1102 omnia,
1035 1037 1126 1106 quae
1150 1019 1342 1108 cupiverat,
1356 1020 1550 1116 permittit.

432 1142 577 1210 Accedit
601 1149 640 1211 ut
663 1145 745 1211 novi
767 1143 900 1212 iudices
924 1140 1101 1226 senatorii,
1124 1144 1426 1231 tuneprimumiu
1441 1164 1551 1232 quae-

432 1269 544 1336 stione
567 1268 611 1336 de
634 1269 768 1337 sicariis
790 1269 846 1336 ius
869 1268 1035 1352 dicentes,
1060 1267 1206 1357 putandi
1230 1269 1301 1335 sint
1319 1268 1550 1336 uonsibiiam

431 1391 479 1466 ab.
511 1393 610 1462 initio
640 1392 823 1461 inlamiam
858 1393 1067 1462 contrahere
1092 1392 1240 1461 voluisse
1255 1395 1300 1476 1);
1326 1391 1433 1476 „aber
1456 1392 1547 1462 auch

432 1515 837 1606 nurscheinbarwageu‚
852 1514 1548 1600 brachteihmunermessliehesGewinn‚

428 1661 467 1708 es
500 1648 638 1730 erregte
673 1640 864 1725 Aulsehen,
898 1641 954 1710 die
990 1640 1320 1729 Heraust'orderung
1351 1641 1412 1709 des
1437 1639 1547 1709 Herr-

431 1767 552 1834 schers
584 1767 621 1833 in
656 1765 905 1856 Chrysogonus
938 1766 1007 1855 gab
1039 1765 1157 1854 jedem
1180 1766 1297 1834 seiner
1319 1765 1441 1834 Worte
1465 1787 1545 1834 zum

433 1887 570 1958 Voraus
603 1890 666 1959 das
701 1890 860 1980 Gepriige
896 1891 958 1958 der
994 1889 1273 1958 Meisterschall”
1305 1888 1549 1977 (llrumaun

433 2013 462 2082 V
485 2012 578 2102 244).
613 2014 657 2082 Et
681 2020 801 2104 postea
824 2017 859 2083 in
876 2035 983 2084 causa
997 2012 1349 2082 molieriscuiusdam
1363 2012 1550 2081 Arretinae

433 2137 554 2207 Cicero
588 2139 702 2208 edicto
737 2138 856 2208 Sullae
890 2139 1097 2208 adversatus
1130 2146 1183 2206 est
1196 2138 1236 2225 2).
1273 2136 1350 2206 Nou
1374 2138 1483 2226 igitur
1506 2135 1551 2205 ob

435 2268 566 2331 metum
580 2263 729 2352 -quod
743 2264 924 2332 contendit
935 2262 1148 2331 Plutarchus
1160 2263 1190 2349 ³)
1202 2301 1246 2312 —
1255 2281 1401 2350 peregre
1413 2261 1551 2350 profec-

433 2393 492 2455 tus
503 2393 566 2470 est,
590 2387 651 2455 sed
669 2393 812 2476 propter
823 2388 1007 2456 adversam
1024 2385 1271 2464 valetudinem,
1284 2405 1392 2473 quam
1405 2404 1550 2454 causam

433 2511 645 2580 Plutarchus
693 2511 815 2584 fictam,
855 2511 1019 2600 appellat,
1057 2519 1093 2578 et
1135 2516 1318 2599 praeterea
1351 2510 1549 2580 studiorum

433 2636 601 2726 gratia4).

478 2760 663 2830 Graeciam
702 2765 738 2828 et
777 2759 893 2828 Asiam
928 2765 1038 2828 totam
1074 2779 1266 2848 peragrans
1299 2759 1335 2828 iu
1371 2765 1548 2828 summam

432 2884 581 2974 gloriam
618 2885 713 2953 veuit
749 2889 785 2951 et
815 2904 903 2952 com
929 2884 1091 2952 maximis
1122 2890 1158 2951 et
1188 2882 1387 2952 oratoribus
1418 2883 1485 2952 fuit
1515 2891 1551 2952 et

434 3008 667 3099 philosophis3
709 3028 798 3097 quos
840 3027 963 3078 omues
1003 3028 1085 3076 eum
1120 3027 1240 3077 secum
1276 3007 1439 3077 habuisse
1473 3009 1550 3077 iure

435 3133 584 3202 miratur
614 3132 841 3202 Gucheval
872 3132 921 3221 (p.
952 3130 1029 3216 68):
1054 3130 1132 3216 „On
1155 3151 1200 3199 ue
1224 3138 1309 3221 peut
1332 3132 1549 3221 s'empecher

433 3257 543 3325 d’etre
577 3256 701 3347 trappe
735 3255 1008 3334 d'etonuemeut,
1044 3276 1087 3324 en
1123 3256 1229 3324 lisant
1259 3257 1309 3324 les
1339 3256 1451 3345 lignes
1481 3277 1550 3345 que

433 3380 578 3451 Ciceron
611 3400 778 3450 consacre
805 3380 826 3448 a
850 3399 911 3449 son
937 3379 1055 3468 sejour
1077 3401 1121 3449 en
1146 3381 1258 3450 Grece
1281 3387 1317 3449 et
1339 3401 1382 3448 en
1409 3379 1550 3466 Orient3

433 3526 478 3574 on
514 3525 551 3572 se
587 3504 760 3574 demando
791 3504 872 3594 quel
903 3503 989 3573 etait
1019 3505 1109 3575 donc
1141 3505 1173 3573 le
1204 3505 1356 3595 prestige
1387 3505 1434 3574 du
1467 3527 1550 3575 nom

433 3629 581 3713 romain,
613 3627 645 3696 le
676 3630 960 3696 retentissement
982 3628 1026 3695 de
1049 3629 1247 3718 plaidoyers
1273 3629 1386 3697 meme
1410 3631 1452 3698 de
1478 3630 1551 3697 me·

432 3753 550 3824 diocre
592 3753 811 3842 importance
854 3773 990 3822 comme
1033 3773 1121 3822 ceux
1164 3773 1232 3842 que
1275 3753 1421 3823 ciceron
1456 3755 1552 3822 avait

473 4050 504 4124 l)
546 4046 866 4109 prumannvrts.

473 4164 505 4243 t)
546 4164 732 4225 llrumann
756 4163 779 4222 V
802 4166 860 4225 245
881 4182 934 4241 sq..
957 4163 1141 4224 Gucheval
1164 4163 1175 4222 l
1197 4180 1223 4240 p.
1245 4164 1283 4222 66
1306 4179 1348 4238 sq.

474 4282 504 4355 3)
542 4279 616 4341 Plut.
629 4279 686 4340 Cic.
700 4281 717 4340 3
729 4278 841 4357 [Aurel.
853 4277 940 4357 Vict]
951 4278 986 4338 (le
995 4277 1175 4339 virislllustr.
1184 4279 1217 4338 8l
1230 4299 1238 4337 ε
1249 4275 1552 4348 „veritusinvidiarn”

474 4399 505 4471 l)
546 4395 603 4456 Cic.
626 4395 706 4456 Brut.
729 4391 1108 4474 3ll[Au1el.vict.]l.l.:
1132 4391 1314 4464 „studiorum
1335 4390 1453 4471 gretia.”
