3778 5488
852 681 1010 758 ’186

412 888 556 973 contuli,
581 889 638 957 cui
659 909 740 957 curn
761 888 876 955 omnis
897 893 1022 971 metus,
1044 887 1233 978 publicatio
1255 887 1439 970 bonorum,
1457 886 1529 954 exi·

413 1012 510 1094 lium,
548 1032 642 1091 mors
676 1023 943 1102 proponeretur,
977 1013 1062 1082 haec
1094 1013 1238 1103 perpeti,
1263 1013 1292 1080 si
1316 1012 1527 1090 acciderent,

413 1137 537 1208 maluit
560 1158 668 1227 quam
692 1137 888 1207 custodiam
915 1139 983 1206 mei
999 1139 1126 1228 capitis
1142 1136 1530 1224 dimittere3011iusego

410 1269 446 1330 et
481 1263 638 1350 parentis
672 1263 758 1344 eius,
791 1262 1057 1352 prudentissimi
1089 1272 1196 1352 atque
1219 1262 1345 1352 optimi
1367 1261 1471 1343 senis,
1495 1266 1531 1329 et

412 1387 531 1455 fratris
564 1393 599 1454 et
636 1387 820 1475 utriusque
854 1386 1005 1455 liliorum
1034 1387 1197 1455 manibus
1220 1388 1255 1455 in
1281 1386 1362 1454 navi
1388 1391 1465 1454 tuta
1488 1406 1530 1453 ac

413 1511 505 1579 lideli
529 1510 722 1580 collocatus
744 1531 939 1599 eorumque
964 1531 1086 1600 preces
1104 1518 1140 1579 ct
1166 1517 1245 1580 vota
1265 1511 1309 1579 de
1323 1530 1400 1580 meo
1414 1510 1527 1578 reditu

411 1635 604 1703 exaudiens
627 1635 887 1724 Dyrrhachium
903 1688 910 1704 .
925 1688 933 1704 .
947 1687 975 1704 ..
1003 1642 1120 1725 patere
1138 1637 1304 1705 contendi
1317 1635 1397 1725 (pro
1410 1635 1528 1704 Plano.

411 1759 479 1845 97).
513 1759 585 1829 Nos
621 1760 799 1830 Brundisii
834 1760 926 1850 apud
963 1761 1009 1830 M.
1047 1761 1216 1829 Laenium
1257 1760 1423 1829 Flaccum
1456 1759 1530 1827 dies

414 1885 581 1954 tredecim
606 1885 750 1968 suimus,
776 1886 890 1954 virum
911 1887 1096 1974 optimum,
1116 1887 1177 1974 qui
1198 1885 1395 1975 periculum
1416 1884 1529 1952 sortu-

413 2030 538 2077 narum
560 2017 596 2078 et
615 2011 739 2098 capitis
759 2011 813 2079 sui
835 2031 918 2100 prae
936 2031 1015 2079 mea
1027 2011 1139 2079 salute
1153 2011 1305 2099 neglexit
1318 2029 1432 2096 neque
1443 2008 1530 2096 legis

412 2133 692 2223 improbissimae
724 2156 837 2224 poena
867 2136 1040 2205 deductus
1071 2143 1134 2215 est,
1167 2135 1357 2224 quominus
1390 2132 1530 2222 hospitii

411 2266 447 2328 et
480 2260 655 2328 amicitiae
687 2261 743 2328 ius
773 2257 1001 2348 officiumque
1033 2264 1237 2348 praestaret.
1270 2257 1360 2326 Huic
1393 2258 1529 2325 utinam

412 2383 601 2470 aliquando
624 2385 775 2472 gratiam
800 2383 932 2451 referre
954 2384 1145 2472 possimus!
1161 2383 1369 2452 habebimus
1381 2381 1525 2471 quidem

411 2527 551 2595 semper
586 2507 645 2596 (ad
685 2509 707 2577 f.
744 2507 824 2577 XIV
858 2508 962 2597 d.2).'’
996 2507 1038 2576 Et
1073 2517 1151 2598 post
1186 2508 1357 2576 reditum:
1394 2505 1528 2592 „Nonis

411 2631 601 2701 Sextilibus
620 2636 665 2717 (a.
682 2631 741 2710 57)
755 2653 810 2700 me
822 2633 1083 2701 domuseadem
1096 2633 1311 2722 optimorum
1323 2630 1530 2700 etdoctissi·

413 2775 550 2824 morum
574 2757 740 2841 virorum,
761 2757 806 2826 lt.
830 2757 947 2826 Laeuii
967 2757 1083 2827 Flacci
1095 2764 1131 2826 et
1142 2759 1253 2846 patris
1264 2766 1299 2826 et
1311 2757 1431 2825 fratris
1442 2757 1529 2835 eius,

410 2881 601 2949 laetissima
620 2881 765 2971 accepit,
786 2902 877 2971 quae
897 2882 1054 2970 proximo
1066 2903 1159 2950 annu
1173 2901 1335 2950 maerens
1348 2886 1530 2970 receperat

410 3011 446 3073 et
465 3025 529 3074 suo
550 3005 724 3094 praesidio
745 3007 970 3097 periculoque
990 3007 1197 3075 defenderat
1216 3005 1296 3095 (pro
1313 3005 1401 3074 Sest.
1414 3004 1528 3090 l3l).”

457 3129 492 3197 L.
535 3129 802 3216 (Livineius)
837 3131 1036 3221 Regulus
1079 3131 1186 3200 mittit
1219 3130 1386 3199 libertum
1423 3151 1527 3199 suum

410 3253 604 3324 Livineium
630 3256 674 3324 ad
698 3255 902 3325 Ciceronem
928 3277 1010 3325 cum
1034 3257 1168 3325 nuntiis
1190 3256 1247 3341 (ad
1274 3255 1345 3324 litt.
1364 3253 1528 3340 llllld).

411 3380 461 3448 De
484 3400 555 3469 quo
579 3380 621 3448 ad
644 3380 668 3449 l.
689 3380 770 3448 Xlll
790 3379 882 3448 out:
904 3381 962 3464 „L.
979 3381 1154 3449 Livineius
1166 3379 1308 3470 Trypho
1320 3386 1374 3448 est
1386 3379 1529 3448 omnino

411 3505 448 3573 L.
461 3504 594 3594 Reguli,
607 3503 871 3573 familiarissimi
886 3505 965 3587 mei,
977 3504 1125 3606 libertus
1139 3557 1147 3573 .
1161 3559 1168 3573 .
1184 3557 1192 3574 .
1205 3503 1272 3574 Sed
1285 3524 1350 3594 ego
1363 3503 1528 3572 libertum

410 3629 486 3696 eius
520 3649 583 3719 per
618 3648 655 3697 se
690 3629 807 3718 ipsum
832 3630 956 3718 dilig0;
981 3650 1120 3698 summa
1144 3631 1238 3698 euim
1262 3631 1339 3698 eius
1362 3650 1447 3719 erga
1472 3649 1528 3696 me

410 3753 523 3822 officia
545 3754 757 3822 exstiterunt
777 3755 820 3822 iis
840 3753 1209 3844 nostristemporibus‚
1222 3754 1529 3843 quibusfacillime

412 3879 690 3948 benevolentiam
717 3879 900 3948 hominum
925 3887 960 3946 et
984 3879 1088 3946 iidem
1115 3880 1312 3969 perspicere
1337 3879 1467 3967 potui.''

456 4006 501 4074 M.
538 4004 743 4074 Licinius
778 4003 1006 4081 Lucullus,
1043 4003 1078 4072 L.
1117 4002 1309 4086 Luculli,
1344 4003 1529 4072 clarissimi

409 4129 643 4218 imperatoria,
666 4129 778 4197 frater
803 4168 841 4176 -
869 4127 963 4197 hunc
987 4127 1187 4197 aCicerone
1204 4127 1298 4196 exilii
1311 4127 1531 4216 temporibus

409 4271 586 4343 nusquam
610 4254 831 4322 nominatum
857 4253 1015 4342 repperi;
1041 4273 1123 4321 eum
1147 4253 1255 4320 fuisse
1280 4253 1531 4341 intereosqui

411 4384 500 4447 teste
543 4377 710 4448 Cicerone
753 4379 869 4462 „intra
912 4377 1084 4466 parietes‘’
1121 4377 1163 4446 de
1199 4377 1353 4466 pernicie
1388 4375 1532 4446 consilia
