<?xml version="1.0" encoding="UTF-8"?>
<!DOCTYPE html PUBLIC "-//W3C//DTD XHTML 1.0 Transitional//EN"
    "http://www.w3.org/TR/xhtml1/DTD/xhtml1-transitional.dtd">
<html xmlns="http://www.w3.org/1999/xhtml" xml:lang="en" lang="en">
 <head>
  <title>
</title>
<meta http-equiv="Content-Type" content="text/html;charset=utf-8" />
  <meta name='ocr-system' content='tesseract 3.04.00' />
  <meta name='ocr-capabilities' content='ocr_page ocr_carea ocr_par ocr_line ocrx_word'/>
</head>
<body>
  <div class='ocr_page' id='page_1' title='image "./exulumtriassive00leopgoog_0139.png"; bbox 0 0 3792 5486; ppageno 0'>
   <div class='ocr_carea' id='block_1_1' title="bbox 919 671 986 739">
    <p class='ocr_par' dir='ltr' id='par_1_1' title="bbox 919 671 986 739">
     <span class='ocr_line' id='line_1_1' title="bbox 919 671 986 739; baseline 0 0"><span class='ocrx_word' id='word_1_1' title='bbox 919 671 986 739; x_wconf 79' lang='lat'>126</span> 
     </span>
    </p>
   </div>
   <div class='ocr_carea' id='block_1_2' title="bbox 549 868 1469 1296">
    <p class='ocr_par' dir='ltr' id='par_1_2' title="bbox 609 868 1305 948">
     <span class='ocr_line' id='line_1_2' title="bbox 609 868 1305 948; baseline -0.004 -20"><span class='ocrx_word' id='word_1_2' title='bbox 609 869 714 929; x_wconf 77' lang='lat' dir='ltr'>Ardua</span> <span class='ocrx_word' id='word_1_3' title='bbox 735 887 787 948; x_wconf 87' lang='lat' dir='ltr'>per</span> <span class='ocrx_word' id='word_1_4' title='bbox 807 888 947 948; x_wconf 72' lang='lat' dir='ltr'>praeceps</span> <span class='ocrx_word' id='word_1_5' title='bbox 969 869 1065 946; x_wconf 81' lang='lat' dir='ltr'>glorie</span> <span class='ocrx_word' id='word_1_6' title='bbox 1087 868 1170 927; x_wconf 77' lang='lat' dir='ltr'>vadit</span> <span class='ocrx_word' id='word_1_7' title='bbox 1190 869 1305 927; x_wconf 82' lang='lat' dir='ltr'>iter...</span> 
     </span>
    </p>

    <p class='ocr_par' dir='ltr' id='par_1_3' title="bbox 570 985 1367 1181">
     <span class='ocr_line' id='line_1_3' title="bbox 570 985 1367 1061; baseline -0.003 -17"><span class='ocrx_word' id='word_1_8' title='bbox 570 986 629 1044; x_wconf 82' lang='lat' dir='ltr'>Det</span> <span class='ocrx_word' id='word_1_9' title='bbox 649 985 702 1046; x_wconf 77' lang='lat' dir='ltr'>tibi</span> <span class='ocrx_word' id='word_1_10' title='bbox 725 990 827 1044; x_wconf 80' lang='lat' dir='ltr'>nostre</span> <span class='ocrx_word' id='word_1_11' title='bbox 848 985 943 1044; x_wconf 85' lang='lat' dir='ltr'>loeum</span> <span class='ocrx_word' id='word_1_12' title='bbox 967 985 1045 1044; x_wconf 84' lang='lat' dir='ltr'>tituli</span> <span class='ocrx_word' id='word_1_13' title='bbox 1067 985 1197 1058; x_wconf 82' lang='lat' dir='ltr'>fortune,</span> <span class='ocrx_word' id='word_1_14' title='bbox 1218 989 1367 1061; x_wconf 82' lang='lat' dir='ltr'>euputque</span> 
     </span>
     <span class='ocr_line' id='line_1_4' title="bbox 611 1100 1306 1181; baseline -0.006 -18"><span class='ocrx_word' id='word_1_15' title='bbox 611 1103 809 1181; x_wconf 75' lang='lat' dir='ltr'>Conspicuam</span> <span class='ocrx_word' id='word_1_16' title='bbox 832 1101 926 1179; x_wconf 76' lang='lat' dir='ltr'>pietus</span> <span class='ocrx_word' id='word_1_17' title='bbox 947 1119 1007 1178; x_wconf 83' lang='lat' dir='ltr'>que</span> <span class='ocrx_word' id='word_1_18' title='bbox 1027 1106 1080 1160; x_wconf 79' lang='lat' dir='ltr'>tue</span> <span class='ocrx_word' id='word_1_19' title='bbox 1101 1100 1187 1160; x_wconf 81' lang='lat' dir='ltr'>tollet</span> <span class='ocrx_word' id='word_1_20' title='bbox 1208 1101 1306 1160; x_wconf 80' lang='lat' dir='ltr'>hebet.</span> 
     </span>
    </p>

    <p class='ocr_par' dir='ltr' id='par_1_4' title="bbox 549 1215 1469 1296">
     <span class='ocr_line' id='line_1_5' title="bbox 549 1215 1469 1296; baseline -0.005 -17"><span class='ocrx_word' id='word_1_21' title='bbox 549 1221 689 1293; x_wconf 72' lang='lat' dir='ltr'>(il—74,</span> <span class='ocrx_word' id='word_1_22' title='bbox 711 1220 747 1276; x_wconf 90' lang='grc'>81</span> <span class='ocrx_word' id='word_1_23' title='bbox 772 1235 825 1296; x_wconf 77' lang='lat' dir='ltr'>eq..</span> <span class='ocrx_word' id='word_1_24' title='bbox 848 1217 893 1277; x_wconf 81' lang='lat' dir='ltr'>cf.</span> <span class='ocrx_word' id='word_1_25' title='bbox 916 1217 944 1274; x_wconf 89' lang='lat' dir='ltr'>V</span> <span class='ocrx_word' id='word_1_26' title='bbox 967 1219 1012 1294; x_wconf 84' lang='lat'>14,</span> <span class='ocrx_word' id='word_1_27' title='bbox 1034 1235 1073 1276; x_wconf 87' lang='lat' dir='ltr'>ex</span> <span class='ocrx_word' id='word_1_28' title='bbox 1095 1217 1129 1276; x_wconf 85' lang='lat' dir='ltr'>P.</span> <span class='ocrx_word' id='word_1_29' title='bbox 1154 1217 1204 1274; x_wconf 91' lang='lat' dir='ltr'>III</span> <span class='ocrx_word' id='word_1_30' title='bbox 1227 1216 1292 1277; x_wconf 72' lang='lat'>1.57</span> <span class='ocrx_word' id='word_1_31' title='bbox 1314 1235 1379 1294; x_wconf 76' lang='lat' dir='ltr'><strong>sqq.</strong></span> <span class='ocrx_word' id='word_1_32' title='bbox 1399 1215 1469 1294; x_wconf 82' lang='lat' dir='ltr'>ete.)</span> 
     </span>
    </p>
   </div>
   <div class='ocr_carea' id='block_1_3' title="bbox 390 1393 1509 1736">
    <p class='ocr_par' dir='ltr' id='par_1_5' title="bbox 390 1393 1509 1736">
     <span class='ocr_line' id='line_1_6' title="bbox 435 1393 1506 1484; baseline -0.004 -21"><span class='ocrx_word' id='word_1_33' title='bbox 435 1395 510 1464; x_wconf 81' lang='lat' dir='ltr'>Tali</span> <span class='ocrx_word' id='word_1_34' title='bbox 547 1395 649 1464; x_wconf 87' lang='lat' dir='ltr'>modo</span> <span class='ocrx_word' id='word_1_35' title='bbox 686 1397 766 1484; x_wconf 88' lang='lat' dir='ltr'>quis</span> <span class='ocrx_word' id='word_1_36' title='bbox 801 1396 920 1465; x_wconf 84' lang='lat' dir='ltr'>credet</span> <span class='ocrx_word' id='word_1_37' title='bbox 954 1396 1120 1464; x_wconf 82' lang='lat' dir='ltr'>maritum</span> <span class='ocrx_word' id='word_1_38' title='bbox 1146 1393 1323 1462; x_wconf 80' lang='lat' dir='ltr'>adhortari</span> <span class='ocrx_word' id='word_1_39' title='bbox 1352 1412 1506 1476; x_wconf 80' lang='lat' dir='ltr'>uxorem,</span> 
     </span>
     <span class='ocr_line' id='line_1_7' title="bbox 390 1517 1509 1611; baseline -0.005 -21"><span class='ocrx_word' id='word_1_40' title='bbox 390 1542 496 1609; x_wconf 84' lang='lat' dir='ltr'>quam</span> <span class='ocrx_word' id='word_1_41' title='bbox 531 1522 632 1590; x_wconf 84' lang='lat' dir='ltr'>unice</span> <span class='ocrx_word' id='word_1_42' title='bbox 665 1521 802 1589; x_wconf 83' lang='lat' dir='ltr'>fidelem</span> <span class='ocrx_word' id='word_1_43' title='bbox 838 1522 1003 1611; x_wconf 84' lang='lat' dir='ltr'>piamque</span> <span class='ocrx_word' id='word_1_44' title='bbox 1040 1519 1107 1588; x_wconf 89' lang='lat' dir='ltr'>sibi</span> <span class='ocrx_word' id='word_1_45' title='bbox 1140 1521 1298 1588; x_wconf 84' lang='lat' dir='ltr'>futurem</span> <span class='ocrx_word' id='word_1_46' title='bbox 1331 1517 1509 1587; x_wconf 69' lang='lat' dir='ltr'>confidet?</span> 
     </span>
     <span class='ocr_line' id='line_1_8' title="bbox 390 1643 1507 1736; baseline -0.004 -22"><span class='ocrx_word' id='word_1_47' title='bbox 390 1645 614 1736; x_wconf 82' lang='lat' dir='ltr'><strong>Quamquam</strong></span> <span class='ocrx_word' id='word_1_48' title='bbox 650 1667 719 1714; x_wconf 87' lang='lat' dir='ltr'>uun</span> <span class='ocrx_word' id='word_1_49' title='bbox 752 1646 900 1730; x_wconf 80' lang='lat' dir='ltr'>dubitet,</span> <span class='ocrx_word' id='word_1_50' title='bbox 921 1647 1005 1736; x_wconf 90' lang='lat' dir='ltr'>quin</span> <span class='ocrx_word' id='word_1_51' title='bbox 1031 1645 1148 1714; x_wconf 84' lang='lat' dir='ltr'>adhuc</span> <span class='ocrx_word' id='word_1_52' title='bbox 1172 1644 1276 1712; x_wconf 88' lang='lat' dir='ltr'>fidem</span> <span class='ocrx_word' id='word_1_53' title='bbox 1301 1643 1507 1712; x_wconf 82' lang='lat' dir='ltr'>servaverit:</span> 
     </span>
    </p>
   </div>
   <div class='ocr_carea' id='block_1_4' title="bbox 511 1823 1403 2136">
    <p class='ocr_par' dir='ltr' id='par_1_6' title="bbox 511 1823 1403 2136">
     <span class='ocr_line' id='line_1_9' title="bbox 511 1823 1317 1904; baseline 0 -22"><span class='ocrx_word' id='word_1_54' title='bbox 511 1824 573 1884; x_wconf 85' lang='lat' dir='ltr'>Nee</span> <span class='ocrx_word' id='word_1_55' title='bbox 594 1832 623 1885; x_wconf 82' lang='lat' dir='ltr'>te</span> <span class='ocrx_word' id='word_1_56' title='bbox 643 1826 813 1897; x_wconf 76' lang='lat' dir='ltr'>credideris,</span> <span class='ocrx_word' id='word_1_57' title='bbox 834 1827 906 1904; x_wconf 82' lang='lat' dir='ltr'>quie</span> <span class='ocrx_word' id='word_1_58' title='bbox 925 1844 985 1885; x_wconf 87' lang='lat' dir='ltr'>non</span> <span class='ocrx_word' id='word_1_59' title='bbox 1008 1825 1090 1900; x_wconf 72' lang='lat' dir='ltr'>faeie,</span> <span class='ocrx_word' id='word_1_60' title='bbox 1111 1825 1169 1884; x_wconf 79' lang='lat' dir='ltr'>ieie</span> <span class='ocrx_word' id='word_1_61' title='bbox 1189 1823 1317 1883; x_wconf 72' lang='lat' dir='ltr'>moneri!</span> 
     </span>
     <span class='ocr_line' id='line_1_10' title="bbox 551 1941 1256 2020; baseline -0.001 -21"><span class='ocrx_word' id='word_1_62' title='bbox 551 1941 627 2000; x_wconf 83' lang='lat' dir='ltr'>Velu</span> <span class='ocrx_word' id='word_1_63' title='bbox 646 1942 760 2018; x_wconf 71' lang='lat' dir='ltr'>dumus,</span> <span class='ocrx_word' id='word_1_64' title='bbox 782 1943 919 2020; x_wconf 79' lang='lat' dir='ltr'>quumvis</span> <span class='ocrx_word' id='word_1_65' title='bbox 939 1943 1053 2020; x_wconf 79' lang='lat' dir='ltr'>remige</span> <span class='ocrx_word' id='word_1_66' title='bbox 1073 1941 1179 2019; x_wconf 77' lang='lat' dir='ltr'>puppis</span> <span class='ocrx_word' id='word_1_67' title='bbox 1200 1945 1256 1999; x_wconf 81' lang='lat' dir='ltr'>eet.</span> 
     </span>
     <span class='ocr_line' id='line_1_11' title="bbox 511 2053 1403 2136; baseline -0.003 -20"><span class='ocrx_word' id='word_1_68' title='bbox 511 2057 568 2127; x_wconf 89' lang='lat' dir='ltr'>Qui</span> <span class='ocrx_word' id='word_1_69' title='bbox 591 2064 700 2135; x_wconf 82' lang='lat' dir='ltr'>mouet,</span> <span class='ocrx_word' id='word_1_70' title='bbox 721 2065 753 2118; x_wconf 81' lang='lat' dir='ltr'>ui</span> <span class='ocrx_word' id='word_1_71' title='bbox 775 2059 876 2135; x_wconf 81' lang='lat' dir='ltr'>iueiue,</span> <span class='ocrx_word' id='word_1_72' title='bbox 899 2057 977 2136; x_wconf 87' lang='lat' dir='ltr'>quod</span> <span class='ocrx_word' id='word_1_73' title='bbox 999 2059 1058 2116; x_wconf 84' lang='lat' dir='ltr'>iem</span> <span class='ocrx_word' id='word_1_74' title='bbox 1081 2057 1163 2132; x_wconf 74' lang='lat' dir='ltr'>faeie,</span> <span class='ocrx_word' id='word_1_75' title='bbox 1184 2057 1235 2115; x_wconf 89' lang='lat' dir='ltr'>ille</span> <span class='ocrx_word' id='word_1_76' title='bbox 1257 2053 1403 2115; x_wconf 84' lang='lat' dir='ltr'>mouendo</span> 
     </span>
    </p>
   </div>
   <div class='ocr_carea' id='block_1_5' title="bbox 550 2173 1468 2363">
    <p class='ocr_par' dir='ltr' id='par_1_7' title="bbox 550 2173 1468 2363">
     <span class='ocr_line' id='line_1_12' title="bbox 550 2173 1220 2252; baseline -0.003 -19"><span class='ocrx_word' id='word_1_77' title='bbox 550 2173 667 2234; x_wconf 83' lang='lat' dir='ltr'>Luudut</span> <span class='ocrx_word' id='word_1_78' title='bbox 688 2180 719 2234; x_wconf 81' lang='lat' dir='ltr'>et</span> <span class='ocrx_word' id='word_1_79' title='bbox 740 2175 859 2235; x_wconf 73' lang='lat' dir='ltr'>hortatu</span> <span class='ocrx_word' id='word_1_80' title='bbox 880 2174 1051 2252; x_wconf 76' lang='lat' dir='ltr'>comprobet</span> <span class='ocrx_word' id='word_1_81' title='bbox 1071 2178 1138 2233; x_wconf 79' lang='lat' dir='ltr'>ueta</span> <span class='ocrx_word' id='word_1_82' title='bbox 1158 2191 1220 2232; x_wconf 78' lang='lat' dir='ltr'>uuo.</span> 
     </span>
     <span class='ocr_line' id='line_1_13' title="bbox 1227 2286 1468 2363; baseline -0.008 -19"><span class='ocrx_word' id='word_1_83' title='bbox 1227 2287 1267 2363; x_wconf 87' lang='lat' dir='ltr'>(V</span> <span class='ocrx_word' id='word_1_84' title='bbox 1290 2286 1468 2358; x_wconf 83' lang='lat'>14.43-46)</span> 
     </span>
    </p>
   </div>
   <div class='ocr_carea' id='block_1_6' title="bbox 512 2422 1263 2501">
    <p class='ocr_par' dir='ltr' id='par_1_8' title="bbox 512 2422 1263 2501">
     <span class='ocr_line' id='line_1_14' title="bbox 512 2422 1263 2501; baseline -0.004 -18"><span class='ocrx_word' id='word_1_85' title='bbox 512 2423 588 2483; x_wconf 76' lang='lat' dir='ltr'>Acer</span> <span class='ocrx_word' id='word_1_86' title='bbox 609 2423 696 2483; x_wconf 78' lang='lat' dir='ltr'>etad</span> <span class='ocrx_word' id='word_1_87' title='bbox 718 2424 834 2501; x_wconf 81' lang='lat' dir='ltr'>pulmee</span> <span class='ocrx_word' id='word_1_88' title='bbox 855 2442 907 2501; x_wconf 86' lang='lat' dir='ltr'>per</span> <span class='ocrx_word' id='word_1_89' title='bbox 922 2441 954 2482; x_wconf 81' lang='lat' dir='ltr'>ee</span> <span class='ocrx_word' id='word_1_90' title='bbox 974 2441 1115 2482; x_wconf 76' lang='lat' dir='ltr'>cursurus</span> <span class='ocrx_word' id='word_1_91' title='bbox 1136 2422 1263 2482; x_wconf 80' lang='lat' dir='ltr'>honores</span> 
     </span>
    </p>
   </div>
   <div class='ocr_carea' id='block_1_7' title="bbox 550 2537 1465 2728">
    <p class='ocr_par' dir='ltr' id='par_1_9' title="bbox 550 2537 1465 2728">
     <span class='ocr_line' id='line_1_15' title="bbox 550 2537 1186 2615; baseline -0.003 -17"><span class='ocrx_word' id='word_1_92' title='bbox 550 2539 581 2598; x_wconf 81' lang='lat' dir='ltr'>Si</span> <span class='ocrx_word' id='word_1_93' title='bbox 603 2545 702 2598; x_wconf 82' lang='lat' dir='ltr'>iumen</span> <span class='ocrx_word' id='word_1_94' title='bbox 724 2539 859 2608; x_wconf 73' lang='lat' dir='ltr'>horteris,</span> <span class='ocrx_word' id='word_1_95' title='bbox 880 2537 987 2597; x_wconf 77' lang='lat' dir='ltr'>fortius</span> <span class='ocrx_word' id='word_1_96' title='bbox 1007 2538 1062 2597; x_wconf 84' lang='lat' dir='ltr'>ibit</span> <span class='ocrx_word' id='word_1_97' title='bbox 1083 2556 1186 2615; x_wconf 80' lang='lat' dir='ltr'>equus.</span> 
     </span>
     <span class='ocr_line' id='line_1_16' title="bbox 1119 2653 1465 2728; baseline -0.006 -16"><span class='ocrx_word' id='word_1_98' title='bbox 1119 2659 1170 2728; x_wconf 80' lang='lat' dir='ltr'>(ex</span> <span class='ocrx_word' id='word_1_99' title='bbox 1191 2653 1224 2714; x_wconf 90' lang='lat' dir='ltr'>P.</span> <span class='ocrx_word' id='word_1_100' title='bbox 1246 2653 1279 2710; x_wconf 91' lang='grc' dir='ltr'>ΙΙ</span> <span class='ocrx_word' id='word_1_101' title='bbox 1302 2653 1386 2712; x_wconf 87' lang='grc'><strong>11.21</strong></span> <span class='ocrx_word' id='word_1_102' title='bbox 1409 2655 1465 2728; x_wconf 80' lang='lat' dir='ltr'>eq.)</span> 
     </span>
    </p>
   </div>
   <div class='ocr_carea' id='block_1_8' title="bbox 511 2785 1395 2864">
    <p class='ocr_par' dir='ltr' id='par_1_10' title="bbox 511 2785 1395 2864">
     <span class='ocr_line' id='line_1_17' title="bbox 511 2785 1395 2864; baseline 0 -20"><span class='ocrx_word' id='word_1_103' title='bbox 511 2785 622 2863; x_wconf 80' lang='lat' dir='ltr'>Sponte</span> <span class='ocrx_word' id='word_1_104' title='bbox 642 2785 762 2863; x_wconf 87' lang='lat' dir='ltr'>quidem</span> <span class='ocrx_word' id='word_1_105' title='bbox 785 2804 949 2864; x_wconf 69' lang='lat' dir='ltr'>percoque</span> <span class='ocrx_word' id='word_1_106' title='bbox 971 2805 1036 2846; x_wconf 82' lang='lat' dir='ltr'>mee</span> <span class='ocrx_word' id='word_1_107' title='bbox 1067 2793 1112 2846; x_wconf 82' lang='lat' dir='ltr'>eet</span> <span class='ocrx_word' id='word_1_108' title='bbox 1129 2786 1288 2845; x_wconf 80' lang='lat' dir='ltr'>ieudebilis</span> <span class='ocrx_word' id='word_1_109' title='bbox 1310 2804 1395 2862; x_wconf 83' lang='lat' dir='ltr'>uxor,</span> 
     </span>
    </p>
   </div>
   <div class='ocr_carea' id='block_1_9' title="bbox 550 2900 1470 3095">
    <p class='ocr_par' dir='ltr' id='par_1_11' title="bbox 550 2900 1470 3095">
     <span class='ocr_line' id='line_1_18' title="bbox 550 2900 1170 2964; baseline 0.005 -3"><span class='ocrx_word' id='word_1_110' title='bbox 550 2900 713 2961; x_wconf 82' lang='lat' dir='ltr'>Admonitu</span> <span class='ocrx_word' id='word_1_111' title='bbox 736 2902 840 2962; x_wconf 88' lang='lat' dir='ltr'>melior</span> <span class='ocrx_word' id='word_1_112' title='bbox 860 2901 894 2961; x_wconf 82' lang='lat' dir='ltr'>fit</span> <span class='ocrx_word' id='word_1_113' title='bbox 915 2908 1014 2961; x_wconf 82' lang='lat' dir='ltr'>temen</span> <span class='ocrx_word' id='word_1_114' title='bbox 1036 2903 1088 2962; x_wconf 83' lang='lat' dir='ltr'>ille</span> <span class='ocrx_word' id='word_1_115' title='bbox 1110 2907 1170 2964; x_wconf 81' lang='lat' dir='ltr'>tuo.</span> 
     </span>
     <span class='ocr_line' id='line_1_19' title="bbox 1281 3015 1470 3095; baseline 0 -20"><span class='ocrx_word' id='word_1_116' title='bbox 1281 3017 1332 3095; x_wconf 85' lang='lat' dir='ltr'>(ib.</span> <span class='ocrx_word' id='word_1_117' title='bbox 1355 3019 1392 3075; x_wconf 79' lang='lat'>13</span> <span class='ocrx_word' id='word_1_118' title='bbox 1413 3015 1470 3095; x_wconf 79' lang='lat' dir='ltr'>eq.)</span> 
     </span>
    </p>
   </div>
   <div class='ocr_carea' id='block_1_10' title="bbox 391 3175 1510 3495">
    <p class='ocr_par' dir='ltr' id='par_1_12' title="bbox 391 3175 1510 3495">
     <span class='ocr_line' id='line_1_20' title="bbox 437 3175 1508 3280; baseline -0.006 -34"><span class='ocrx_word' id='word_1_119' title='bbox 437 3177 602 3246; x_wconf 82' lang='lat' dir='ltr'>Attamen</span> <span class='ocrx_word' id='word_1_120' title='bbox 628 3177 738 3266; x_wconf 83' lang='lat' dir='ltr'>magis</span> <span class='ocrx_word' id='word_1_121' title='bbox 758 3177 863 3280; x_wconf 73' lang='lat' dir='ltr'>etiuin</span> <span class='ocrx_word' id='word_1_122' title='bbox 878 3176 994 3245; x_wconf 82' lang='lat' dir='ltr'>laxata</span> <span class='ocrx_word' id='word_1_123' title='bbox 1007 3178 1137 3246; x_wconf 83' lang='lat' dir='ltr'>amoris</span> <span class='ocrx_word' id='word_1_124' title='bbox 1152 3176 1289 3245; x_wconf 82' lang='lat' dir='ltr'>vincula</span> <span class='ocrx_word' id='word_1_125' title='bbox 1304 3175 1508 3244; x_wconf 85' lang='lat' dir='ltr'>videbimus.</span> 
     </span>
     <span class='ocr_line' id='line_1_21' title="bbox 394 3299 1510 3389; baseline -0.002 -19"><span class='ocrx_word' id='word_1_126' title='bbox 394 3302 489 3372; x_wconf 83' lang='lat' dir='ltr'>Licet</span> <span class='ocrx_word' id='word_1_127' title='bbox 522 3321 564 3370; x_wconf 87' lang='lat' dir='ltr'>ea</span> <span class='ocrx_word' id='word_1_128' title='bbox 595 3322 685 3389; x_wconf 78' lang='lat' dir='ltr'>quae</span> <span class='ocrx_word' id='word_1_129' title='bbox 718 3301 871 3369; x_wconf 85' lang='lat' dir='ltr'>feminae</span> <span class='ocrx_word' id='word_1_130' title='bbox 904 3303 940 3368; x_wconf 90' lang='lat' dir='ltr'>iu</span> <span class='ocrx_word' id='word_1_131' title='bbox 965 3301 1138 3371; x_wconf 83' lang='lat' dir='ltr'>Tristibus</span> <span class='ocrx_word' id='word_1_132' title='bbox 1160 3301 1206 3389; x_wconf 92' lang='lat' dir='ltr'>(V</span> <span class='ocrx_word' id='word_1_133' title='bbox 1228 3299 1411 3388; x_wconf 76' lang='lat'>233-40)</span> <span class='ocrx_word' id='word_1_134' title='bbox 1434 3300 1510 3369; x_wconf 86' lang='lat' dir='ltr'>obi-</span> 
     </span>
     <span class='ocr_line' id='line_1_22' title="bbox 391 3427 550 3495; baseline -0.006 0"><span class='ocrx_word' id='word_1_135' title='bbox 391 3427 550 3495; x_wconf 79' lang='lat' dir='ltr'>ciuntur:</span> 
     </span>
    </p>
   </div>
   <div class='ocr_carea' id='block_1_11' title="bbox 432 3604 1508 3907">
    <p class='ocr_par' dir='ltr' id='par_1_13' title="bbox 432 3604 1508 3907">
     <span class='ocr_line' id='line_1_23' title="bbox 432 3604 1508 3683; baseline 0 -19"><span class='ocrx_word' id='word_1_136' title='bbox 432 3605 510 3664; x_wconf 85' lang='lat' dir='ltr'>Hine</span> <span class='ocrx_word' id='word_1_137' title='bbox 530 3622 587 3682; x_wconf 82' lang='lat' dir='ltr'>ego</span> <span class='ocrx_word' id='word_1_138' title='bbox 608 3604 772 3673; x_wconf 83' lang='lat' dir='ltr'>truieerem‚</span> <span class='ocrx_word' id='word_1_139' title='bbox 793 3637 833 3648; x_wconf 93' lang='lat'>—-</span> <span class='ocrx_word' id='word_1_140' title='bbox 854 3623 951 3682; x_wconf 89' lang='lat' dir='ltr'>neque</span> <span class='ocrx_word' id='word_1_141' title='bbox 974 3606 1053 3664; x_wconf 89' lang='lat' dir='ltr'>enim</span> <span class='ocrx_word' id='word_1_142' title='bbox 1077 3624 1142 3664; x_wconf 85' lang='lat' dir='ltr'>mee</span> <span class='ocrx_word' id='word_1_143' title='bbox 1161 3606 1249 3683; x_wconf 84' lang='lat' dir='ltr'>euipe</span> <span class='ocrx_word' id='word_1_144' title='bbox 1271 3611 1395 3665; x_wconf 77' lang='lat' dir='ltr'>eruente</span> <span class='ocrx_word' id='word_1_145' title='bbox 1416 3611 1461 3664; x_wconf 78' lang='lat' dir='ltr'>eut</span> <span class='ocrx_word' id='word_1_146' title='bbox 1474 3639 1508 3648; x_wconf 94' lang='lat'>-</span> 
     </span>
     <span class='ocr_line' id='line_1_24' title="bbox 473 3719 1138 3798; baseline 0 -18"><span class='ocrx_word' id='word_1_147' title='bbox 473 3721 565 3797; x_wconf 71' lang='lat' dir='ltr'>Fueet,</span> <span class='ocrx_word' id='word_1_148' title='bbox 587 3737 664 3798; x_wconf 70' lang='lat' dir='ltr'>quae</span> <span class='ocrx_word' id='word_1_149' title='bbox 686 3719 783 3788; x_wconf 80' lang='lat' dir='ltr'>debet,</span> <span class='ocrx_word' id='word_1_150' title='bbox 805 3720 830 3778; x_wconf 82' lang='lat' dir='ltr'>ui</span> <span class='ocrx_word' id='word_1_151' title='bbox 852 3720 906 3779; x_wconf 82' lang='lat' dir='ltr'>tibi</span> <span class='ocrx_word' id='word_1_152' title='bbox 928 3739 1000 3780; x_wconf 84' lang='lat' dir='ltr'>euru</span> <span class='ocrx_word' id='word_1_153' title='bbox 1023 3722 1138 3780; x_wconf 90' lang='lat' dir='ltr'>mei...</span> 
     </span>
     <span class='ocr_line' id='line_1_25' title="bbox 433 3835 974 3907; baseline -0.002 -11"><span class='ocrx_word' id='word_1_154' title='bbox 433 3835 511 3907; x_wconf 90' lang='lat' dir='ltr'>Quid</span> <span class='ocrx_word' id='word_1_155' title='bbox 534 3836 652 3896; x_wconf 76' lang='lat' dir='ltr'>dubitus</span> <span class='ocrx_word' id='word_1_156' title='bbox 671 3839 701 3893; x_wconf 83' lang='lat' dir='ltr'>ei</span> <span class='ocrx_word' id='word_1_157' title='bbox 724 3839 790 3893; x_wconf 81' lang='lat' dir='ltr'>tutu</span> <span class='ocrx_word' id='word_1_158' title='bbox 811 3836 974 3895; x_wconf 79' lang='lat' dir='ltr'>timeei...</span> 
     </span>
    </p>
   </div>
   <div class='ocr_carea' id='block_1_12' title="bbox 433 3951 1446 4146">
    <p class='ocr_par' dir='ltr' id='par_1_14' title="bbox 433 3951 1446 4146">
     <span class='ocr_line' id='line_1_26' title="bbox 433 3951 1446 4031; baseline 0.001 -21"><span class='ocrx_word' id='word_1_159' title='bbox 433 3952 481 4011; x_wconf 86' lang='lat' dir='ltr'>Me</span> <span class='ocrx_word' id='word_1_160' title='bbox 503 3951 658 4011; x_wconf 71' lang='lat' dir='ltr'>miserum!</span> <span class='ocrx_word' id='word_1_161' title='bbox 679 3951 751 4028; x_wconf 87' lang='lat' dir='ltr'>quid</span> <span class='ocrx_word' id='word_1_162' title='bbox 771 3969 869 4028; x_wconf 83' lang='lat' dir='ltr'>egum,</span> <span class='ocrx_word' id='word_1_163' title='bbox 890 3953 914 4011; x_wconf 84' lang='lat' dir='ltr'>ei</span> <span class='ocrx_word' id='word_1_164' title='bbox 936 3953 1072 4029; x_wconf 85' lang='lat' dir='ltr'>proxime</span> <span class='ocrx_word' id='word_1_165' title='bbox 1094 3971 1230 4030; x_wconf 76' lang='lat' dir='ltr'>quaeque</span> <span class='ocrx_word' id='word_1_166' title='bbox 1251 3954 1446 4031; x_wconf 69' lang='lat' dir='ltr'>relinquunt?</span> 
     </span>
     <span class='ocr_line' id='line_1_27' title="bbox 473 4065 1172 4146; baseline 0.003 -20"><span class='ocrx_word' id='word_1_167' title='bbox 473 4067 630 4127; x_wconf 70' lang='lat' dir='ltr'>subtrahis</span> <span class='ocrx_word' id='word_1_168' title='bbox 650 4065 772 4127; x_wconf 81' lang='lat' dir='ltr'>effreeto</span> <span class='ocrx_word' id='word_1_169' title='bbox 792 4072 824 4125; x_wconf 82' lang='lat' dir='ltr'>tu</span> <span class='ocrx_word' id='word_1_170' title='bbox 846 4086 964 4145; x_wconf 89' lang='lat' dir='ltr'>quoque</span> <span class='ocrx_word' id='word_1_171' title='bbox 984 4069 1060 4128; x_wconf 78' lang='lat' dir='ltr'>colia</span> <span class='ocrx_word' id='word_1_172' title='bbox 1080 4070 1172 4146; x_wconf 78' lang='lat' dir='ltr'>iugo?</span> 
     </span>
    </p>
   </div>
   <div class='ocr_carea' id='block_1_13' title="bbox 394 4227 1511 4441">
    <p class='ocr_par' dir='ltr' id='par_1_15' title="bbox 394 4227 1511 4441">
     <span class='ocr_line' id='line_1_28' title="bbox 394 4227 1511 4314; baseline 0 -18"><span class='ocrx_word' id='word_1_173' title='bbox 394 4227 568 4296; x_wconf 83' lang='lat' dir='ltr'>censenda</span> <span class='ocrx_word' id='word_1_174' title='bbox 603 4228 673 4296; x_wconf 84' lang='lat' dir='ltr'>sint</span> <span class='ocrx_word' id='word_1_175' title='bbox 707 4247 729 4292; x_wconf 86' lang='lat' dir='ltr'><strong>a</strong></span> <span class='ocrx_word' id='word_1_176' title='bbox 764 4233 865 4314; x_wconf 81' lang='lat' dir='ltr'>poete</span> <span class='ocrx_word' id='word_1_177' title='bbox 889 4247 964 4296; x_wconf 88' lang='lat' dir='ltr'>esse</span> <span class='ocrx_word' id='word_1_178' title='bbox 989 4228 1138 4297; x_wconf 83' lang='lat' dir='ltr'>conficta</span> <span class='ocrx_word' id='word_1_179' title='bbox 1162 4228 1367 4314; x_wconf 83' lang='lat' dir='ltr'>(Wdlffel</span> <span class='ocrx_word' id='word_1_180' title='bbox 1393 4227 1511 4297; x_wconf 87' lang='lat' dir='ltr'>Ovid&#39;s</span> 
     </span>
     <span class='ocr_line' id='line_1_29' title="bbox 395 4348 1511 4441; baseline 0.001 -21"><span class='ocrx_word' id='word_1_181' title='bbox 395 4351 592 4440; x_wconf 82' lang='lat' dir='ltr'>Kluglieder</span> <span class='ocrx_word' id='word_1_182' title='bbox 612 4373 644 4438; x_wconf 93' lang='lat' dir='ltr'>p.</span> <span class='ocrx_word' id='word_1_183' title='bbox 664 4348 769 4441; x_wconf 68' lang='lat'>2042)</span> <span class='ocrx_word' id='word_1_184' title='bbox 788 4393 832 4403; x_wconf 98' lang='lat'><strong>—</strong></span> <span class='ocrx_word' id='word_1_185' title='bbox 851 4354 983 4422; x_wconf 80' lang='lat' dir='ltr'>inserta</span> <span class='ocrx_word' id='word_1_186' title='bbox 995 4354 1126 4423; x_wconf 86' lang='lat' dir='ltr'>scilicet</span> <span class='ocrx_word' id='word_1_187' title='bbox 1139 4353 1511 4422; x_wconf 80' lang='lat' dir='ltr'>utlevioriierettran·</span> 
     </span>
    </p>
   </div>
   <div class='ocr_carea' id='block_1_14' title="bbox 0 0 1900 5486">
    <p class='ocr_par' dir='ltr' id='par_1_16' title="bbox 0 0 1900 5486">
     <span class='ocr_line' id='line_1_30' title="bbox 0 0 1900 5486; baseline 0 0"><span class='ocrx_word' id='word_1_188' title='bbox 0 0 1900 5486; x_wconf 95' lang='lat' dir='ltr'> </span> 
     </span>
    </p>
   </div>
  </div>
 </body>
</html>
