3734 5518
843 756 887 824 37

301 949 430 1018 Caesar
446 950 484 1038 1).
521 951 645 1020 Infelix
679 953 875 1022 consularis
907 953 1141 1024 furibundum
1175 956 1360 1026 tribunum
1386 959 1418 1026 vi

301 1080 337 1142 et
371 1075 479 1143 armis
502 1076 569 1144 sibi
592 1075 767 1165 depellere
802 1099 871 1147 non
908 1081 1032 1167 potuit,
1068 1101 1286 1171 quamquam
1310 1083 1417 1150 etiem

301 1205 421 1289 postea
451 1199 608 1269 affirmat
639 1200 705 1270 sibi
737 1222 807 1272 non
833 1205 1026 1273 exercitum
1052 1205 1112 1273 sed
1133 1205 1241 1274 duces
1266 1207 1419 1275 defuisse

300 1325 362 1412 (ad
384 1324 468 1392 fam.
493 1323 624 1414 1913).
645 1325 990 1416 Optimatibusenim
1003 1328 1180 1418 plerisque
1193 1330 1272 1418 plus
1285 1331 1420 1419 piscina

300 1469 365 1518 sua
382 1450 412 1538 2)
436 1470 543 1539 quam
565 1451 762 1540 respublica
774 1453 870 1521 cordi
883 1459 960 1521 erat
971 1458 1007 1521 et
1018 1454 1144 1544 reliqui
1157 1475 1238 1523 cum
1252 1453 1419 1524 Cicerone

301 1579 431 1642 vestem
444 1579 581 1643 mutare
594 1575 670 1643 ausi
683 1581 776 1660 sunt,
789 1576 899 1645 Clodii
911 1575 1165 1666 gladiatoribus
1174 1580 1337 1648 resistere
1348 1601 1417 1649 non

299 1698 556 1767 sustinuerunt.
580 1698 701 1768 Cicero
725 1700 834 1788 igitur
853 1701 1000 1770 Romam
1031 1744 1069 1752 -
1085 1724 1165 1772 mox
1177 1709 1213 1771 et
1225 1703 1362 1772 Italiam
1376 1743 1419 1755 —

302 1821 501 1912 relinquere
536 1831 679 1894 coactus
713 1830 776 1893 est.
801 1824 914 1906 Quem
941 1825 1039 1894 brevi
1063 1833 1142 1915 post
1164 1827 1250 1896 Cato
1275 1834 1419 1897 secutus

300 1952 363 2014 est.
388 1945 488 2015 Ratio
512 1947 548 2015 in
573 1954 750 2038 promptu.
774 1948 871 2034 Cato,
896 1950 991 2039 quod
1010 1950 1221 2040 loquebatur
1233 1957 1416 2042 tamquam

299 2072 336 2139 in
371 2070 520 2152 πολιτείᾳ
556 2070 711 2142 Platonis
745 2094 815 2142 non
847 2076 884 2142 in
919 2075 1017 2144 faece
1041 2075 1179 2144 Romuli
1203 2075 1263 2164 (ad
1289 2077 1359 2144 Att.
1387 2075 1418 2143 ll

300 2197 384 2288 l.8)‚
417 2219 557 2267 summa
592 2197 778 2267 fruebatur
814 2199 909 2288 apud
943 2200 1207 2269 multitudinem
1241 2201 1417 2289 gmtia³);

299 2323 430 2406 Cicero,
454 2330 621 2412 quaerat
644 2322 845 2412 eloquentia
860 2326 901 2411 4),
925 2324 1085 2393 Caesaris
1108 2324 1261 2394 consiliis
1273 2344 1418 2414 perver-

298 2448 425 2516 tendae
450 2448 617 2538 antiquae
641 2447 793 2516 civitatis
819 2447 987 2516 molestus
1007 2469 1083 2516 esse
1103 2454 1251 2537 poterat.

344 2573 513 2642 Videmus
547 2573 656 2662 igitur
691 2579 836 2661 propter
872 2574 997 2641 merita
1034 2613 1073 2623 —
1098 2573 1191 2663 quod
1216 2572 1418 2662 eloquentia

298 2696 438 2766 valebat
460 2702 496 2765 et
519 2717 662 2766 causam
687 2697 859 2766 libertatis
882 2697 1044 2766 deserere
1063 2698 1177 2766 uoluit
1200 2697 1417 2766 -Marcum

299 2821 454 2890 Tullium
482 2841 524 2889 ex
549 2822 663 2910 patria
686 2823 837 2891 eiectum
862 2842 954 2890 esse·
973 2861 1018 2872 -

344 2945 495 3015 Ovidii
520 2946 626 3014 vitam
651 2945 696 3015 ab
719 2947 822 3014 anuis
844 2945 1057 3014 iuvenilibus
1080 2965 1191 3034 usque
1215 2945 1259 3013 ad
1272 2945 1415 3012 exilium

340 3305 369 3382 1)
410 3303 452 3365 Cl.
484 3299 784 3381 Lacone-Gayet
809 3301 844 3362 de
866 3301 897 3362 P.
920 3300 1020 3362 Clodio
1042 3301 1165 3364 Pulchro
1187 3299 1303 3362 tribuno
1324 3299 1417 3379 plebis

297 3419 400 3498 (Lubet.
423 3419 511 3480 Paris.
535 3421 625 3480 1888)
647 3436 672 3497 p.
698 3420 745 3488 35,
766 3417 817 3496 qui
838 3416 905 3478 citat
928 3417 1002 3478 Plut.
1025 3418 1084 3479 Cet.
1107 3417 1175 3478 min.
1195 3419 1244 3489 33,
1255 3416 1417 3486 Caesarii,

296 3536 332 3597 de
373 3535 473 3597 Illonis
515 3541 610 3596 autern
653 3531 816 3594 narratione
850 3532 918 3594 baec
948 3532 1047 3594 scribit
1077 3537 1154 3608 (ann.
1189 3534 1237 3605 ll:
1269 3531 1299 3593 si
1331 3531 1417 3593 llionl

297 3651 396 3713 Cassio
435 3653 550 3727 (3813)
591 3648 727 3719 creditur,
769 3649 871 3709 Caesar
912 3647 1040 3709 Ciceroni
1083 3647 1254 3727 legationem
1285 3649 1417 3718 otlerens,

297 3767 452 3847 Pompeius
493 3765 658 3828 Ciceronem
700 3764 795 3826 verbis
835 3763 871 3826 de
909 3763 1008 3824 Clodio
1040 3763 1147 3826 Rornae
1178 3763 1314 3835 retinens,
1346 3763 1416 3824 haec

297 3884 370 3946 inter
402 3901 433 3945 se
454 3883 657 3944 consuluerant
681 3887 713 3943 ut
734 3881 899 3942 Ciceronem
922 3879 994 3940 nibil
1016 3880 1208 3960 suspicantem
1231 3879 1260 3940 in
1284 3878 1414 3940 fraudem

296 3999 486 4071 adducerent;
507 3999 556 4060 sed
578 3997 728 4059 sciendum
750 4005 793 4058 est
811 3996 932 4057 lliouem
953 3996 1074 4058 occultis
1095 3995 1416 4075 artibusresexpllcare

296 4115 424 4177 solitum.

336 4233 367 4305 2)
408 4229 479 4292 Vide
501 4230 536 4291 ad
558 4229 615 4291 litt.
637 4230 649 4290 l
670 4231 749 4300 lat,
771 4229 796 4290 ll
818 4232 876 4290 9.l.

336 4345 366 4424 3)
408 4346 449 4408 Cl.
471 4344 643 4407 boissier
664 4344 720 4406 Cic.
742 4363 766 4405 e.
789 4363 811 4405 s
834 4363 859 4405 a.
882 4364 910 4425 p.
932 4347 1000 4407 301.

334 4464 366 4537 4)
406 4460 478 4524 Vide
499 4461 570 4523 Plin.
583 4461 617 4522 N.
630 4462 664 4523 H.
676 4461 727 4521 Vll
740 4463 787 4531 30,
799 4461 872 4524 Plut.
886 4460 942 4522 Cic.
956 4463 1003 4533 13,
1026 4461 1212 4523 Cucbeval
1229 4461 1280 4541 lp.
1293 4462 1361 4530 231,
1373 4478 1415 4541 sq.
