3734 5518
659 1691 1071 1786 PROOEMIUM.

347 1946 569 2036 Propositum
594 1948 680 2016 mibi
703 1953 758 2016 est
781 1948 888 2016 trium
905 1946 1087 2015 bominum
1102 1966 1284 2028 novorum,
1298 1945 1418 2014 (lice-

301 2073 437 2151 ronis‚
459 2072 617 2158 Ovidii,
640 2071 827 2140 Senecae
849 2071 948 2138 initia
959 2089 1134 2159 exponere
1147 2070 1417 2159 qui‚postquam

301 2195 433 2284 ingenii
452 2194 681 2266 facultatibus
693 2217 784 2286 quae
798 2193 1017 2283 temporibus
1030 2195 1102 2261 suis
1117 2195 1267 2262 maxime
1279 2215 1419 2263 accom-

302 2319 463 2389 modatae
486 2326 599 2404 erant,
623 2341 802 2390 summum
823 2320 917 2409 quod
936 2318 1002 2388 sibi
1015 2319 1417 2408 putaverantlastigium

303 2444 356 2514 vel
375 2443 548 2534 attingere
573 2445 626 2514 vel
649 2445 719 2514 iam
744 2445 900 2534 attigisse
924 2443 989 2512 sibi
1015 2445 1078 2511 visi
1101 2449 1195 2526 sunt,
1218 2465 1287 2512 non
1304 2445 1420 2512 minus

300 2589 401 2638 suam
437 2569 482 2640 ob
512 2569 653 2660 eulpam
682 2591 789 2660 quam
814 2570 1051 2659 potentiorum
1077 2569 1262 2659 iniquitate
1286 2569 1419 2637 detrusi

301 2695 414 2764 solum
450 2701 652 2780 verterunt3
688 2695 814 2764 deinde
846 2715 888 2762 ea
916 2713 1138 2781 componere,
1173 2712 1264 2782 quoe
1298 2693 1344 2761 ab
1377 2695 1420 2762 iis

301 2819 335 2886 in
360 2818 467 2888 rebus
490 2821 563 2888 suis
585 2820 724 2890 afflictis
744 2820 837 2888 dicta
860 2825 894 2886 et
919 2817 1013 2885 iacta
1036 2823 1128 2884 sunt.

345 2941 417 3010 lam
442 2943 524 3012 inde
548 2965 568 3012 a
592 2943 763 3033 principio
787 2940 955 3010 curriculi
980 2941 1070 3008 vitae
1085 2942 1238 3008 maxima
1253 2943 1418 3010 intereos

300 3066 492 3135 similitudo
515 3077 577 3136 est.
603 3067 757 3136 Cicero
782 3065 906 3154 Arpini
926 3071 1111 3153 puererat
1124 3085 1205 3133 cum
1221 3065 1257 3134 0.
1276 3065 1419 3149 Marius,

301 3192 485 3282 municeps
518 3193 604 3278 eius,
629 3192 755 3260 ultima
780 3211 871 3281 quae
897 3210 961 3278 pro
985 3188 1097 3256 libera
1120 3189 1302 3278 republica
1326 3209 1419 3266 unus

300 3315 372 3384 dux
422 3335 484 3406 per
535 3316 734 3406 cumplures
784 3335 896 3384 annos
943 3312 1128 3382 continuos
1174 3315 1281 3400 gessit
1327 3312 1418 3382 bella

300 3447 446 3509 externa
468 3461 509 3510 ac
534 3439 740 3530 periculosa,
758 3439 1006 3529 Iugurthinum
1026 3443 1061 3507 ct
1074 3437 1301 3522 Cimbricum,
1316 3437 1417 3506 firma

300 3584 408 3632 manu
439 3565 602 3636 coniecit.
634 3565 733 3635 Tunc
757 3566 926 3654 temporis
951 3568 1035 3635 urbs
1055 3565 1128 3634 sola
1161 3563 1354 3632 vexabatur
1376 3563 1419 3630 iis

301 3688 412 3774 malis,
448 3709 491 3757 ea
525 3687 761 3778 corruptione,
797 3709 903 3778 quam
941 3710 1059 3758 secum
1102 3690 1198 3758 ducit
1229 3688 1324 3757 orbis
1347 3694 1418 3756 ter-

300 3833 422 3880 rarum
446 3813 657 3896 dominati03
677 3813 825 3881 Graecia
838 3819 941 3903 capta
954 3836 1061 3883 unam
1077 3814 1223 3882 Romam
1240 3813 1416 3882 victricem

300 3937 392 4025 oepit
415 3936 566 4006 necdum
592 3957 708 4006 mores
731 3957 813 4006 suos
838 3939 978 4017 „intulit
1001 3939 1129 4026 agresti
1152 3939 1283 4006 Latic.''

346 4061 455 4132 Marci
478 4063 589 4132 nostri
612 4061 746 4132 familia
768 4083 811 4130 ex
837 4068 953 4131 vetere
976 4063 1085 4152 stirpe
1109 4071 1187 4131 orta
1204 4062 1417 4130 uitraavum

301 4193 384 4256 nota
407 4207 478 4256 non
502 4193 565 4272 est,
590 4185 650 4256 sed
675 4185 718 4254 de
740 4207 780 4255 eo
794 4206 902 4277 nepos
915 4208 984 4255 non
998 4188 1047 4256 ita
1061 4207 1173 4277 pauca
1187 4186 1286 4254 nobis
1300 4185 1417 4268 tradit,

300 4310 430 4400 quibus
453 4311 621 4383 discimus
633 4333 713 4380 eum
728 4311 878 4381 alterum
893 4313 1001 4382 fuisse
1015 4313 1182 4382 Catonem
1197 4311 1417 4392 Censorium,

303 4437 436 4524 priscae
460 4437 659 4506 Latinitatis
670 4437 972 4527 exemplum‚eius
984 4438 1193 4522 Latinitatis,
1206 4456 1297 4587 quaele
1310 4437 1418 4506 robur
