3792 5486
1011 761 1078 833 100

770 963 851 1024 iners
873 964 963 1025 hiemi
984 964 1178 1025 continuatur
1198 963 1303 1025 hiems.

1316 1081 1367 1158 (ex
1387 1081 1421 1141 P.
1443 1081 1459 1139 Ι
1480 1082 1559 1158 224)

640 1195 713 1254 Feri
733 1195 784 1255 ubi
805 1200 964 1274 perpetuus
984 1197 1092 1257 obruto
1112 1201 1194 1256 tem
1214 1197 1308 1256 nives.

1403 1311 1455 1386 (ib.
1477 1310 1559 1384 3.50)

523 1473 569 1542 2⁰.
616 1461 745 1542 Boreas
779 1479 853 1540 tam
894 1471 1119 1540 vehementer
1154 1469 1225 1550 ssot,
1261 1476 1301 1539 ut
1335 1469 1494 1539 aedificia
1525 1469 1597 1538 altu

478 1599 662 1668 subverlet
685 1605 720 1667 et
743 1604 837 1668 tecte
860 1619 881 1666 a
904 1594 1069 1666 domibus
1091 1595 1261 1684 abripiet:

638 1768 794 1846 Tantaque
814 1768 953 1827 commoti
974 1768 1020 1827 vis
1040 1771 1085 1826 est
1105 1766 1264 1844 aquilonis,
1285 1771 1320 1825 ul
1339 1765 1416 1825 ullus

676 1883 794 1960 Aequcl
814 1881 904 1941 humo
926 1886 1023 1942 turres
1043 1885 1181 1959 lecitque
1202 1885 1287 1959 rapu
1307 1879 1393 1939 ieret.

1234 1996 1296 2075 (Tr.
1318 1995 1367 2054 III
1390 1997 1476 2055 loni
1497 1995 1556 2075 sq.)

520 2129 565 2199 3⁰.
613 2130 751 2199 Incolae
797 2136 937 2218 praeter
979 2128 1104 2199 faciem
1133 2135 1247 2198 totum
1283 2148 1412 2216 corpus
1445 2127 1595 2216 pellibus

478 2261 622 2344 tegunt:

637 2396 771 2495 Pellibus
791 2401 821 2458 et
842 2398 917 2457 ruiis
937 2402 1040 2457 eruent
1061 2397 1140 2456 mula
1159 2395 1273 2473 frigora
1293 2396 1399 2474 brucis,

676 2511 797 2589 Oraque
817 2512 855 2572 de
875 2517 937 2572 tolo
957 2530 1080 2590 corpore
1100 2511 1163 2572 solu
1183 2516 1296 2590 petent.

636 2627 730 2706 Saepe
751 2633 859 2687 sonunt
879 2628 952 2688 moti
973 2627 1070 2705 glacie
1090 2626 1239 2705 pendente
1260 2626 1370 2704 capilli,

674 2743 711 2802 lli
733 2743 808 2802 nitet
829 2742 950 2803 inducto
971 2742 1099 2802 candide
1120 2743 1213 2802 hurbe
1233 2743 1313 2819 gelu.

1345 2858 1397 2931 (ib.
1422 2858 1553 2930 19-22)

518 2991 564 3060 4⁰.
612 2991 742 3060 Vinum
768 2991 802 3058 in
828 2991 1010 3080 amphoris
1034 2990 1258 3080 congeletur:

633 3151 781 3229 Nudaque
801 3152 977 3221 consistunt,
999 3151 1125 3210 formum
1146 3151 1298 3211 serrantia
1318 3154 1422 3226 mles,

672 3265 751 3325 Vino
772 3283 826 3325 nec
846 3265 954 3326 haustu
975 3267 1058 3344 mori,
1079 3266 1131 3326 sed
1151 3266 1222 3326 dato
1242 3265 1337 3326 frusta
1359 3265 1477 3325 bibunt.

1360 3380 1403 3457 (ib
1435 3381 1473 3438 23
1495 3378 1553 3458 sq.)

516 3514 562 3582 5⁰.
609 3512 686 3582 Non
710 3512 824 3581 solum
858 3513 1011 3581 minores
1042 3511 1150 3597 fluvii,
1182 3513 1374 3581 sedetiam
1402 3509 1591 3600 ipsolsler

471 3635 551 3725 gelu
576 3637 735 3705 consistit
749 3635 789 3725 ¹),
813 3645 957 3724 tamque
981 3657 1100 3706 cressa
1123 3637 1253 3725 glacies
1276 3644 1339 3721 est,
1364 3642 1404 3705 ut
1427 3656 1492 3725 per
1510 3654 1590 3702 eam

471 3760 572 3847 equis
596 3761 832 3850 plaustrisque
859 3760 1050 3830 vehantur:

631 3904 700 3981 Ipse
711 3949 718 3964 .
731 3947 738 3962 .
750 3946 777 3964 ..
800 3903 903 3964 Hister
923 3903 1060 3980 congelat
1072 3946 1079 3962 .
1092 3949 1099 3960 .
1112 3950 1118 3963 .
1132 3948 1138 3962 .
1238 3904 1331 3964 unius

671 4018 797 4096 Frigore
814 4023 969 4079 concretus
989 4019 1104 4096 ungulo
1125 4019 1224 4097 pulset
1244 4020 1330 4096 equi:

471 4154 683 4163 u——————

512 4221 543 4296 l)
585 4183 825 4283 idernlestantur
847 4221 899 4283 llio
922 4225 1019 4294 5436,
1042 4223 1145 4284 Florus
1167 4222 1204 4283 lV
1223 4225 1327 4289 1218:
1342 4220 1428 4298 „Deci
1444 4219 1592 4282 montibus

471 4335 633 4407 inhaerens
666 4337 731 4398 inde
763 4338 905 4398 Cotisonis
938 4339 1012 4417 regis
1043 4339 1174 4418 imperio,
1196 4338 1331 4418 quotiens
1351 4343 1503 4400 concretus
1524 4335 1588 4414 gelu

472 4450 621 4512 Danuvius
644 4451 776 4514 iunxerat
795 4453 881 4533 ripas,
901 4454 1053 4515 decurrere
1074 4455 1204 4516 solebant
1224 4462 1252 4516 et
1274 4453 1365 4514 vicine
1388 4451 1529 4533 populari.
