3792 5486
841 701 907 770 117

311 899 501 988 sapientior
531 899 602 967 iam
626 904 703 967 erat
726 918 833 987 quam
858 904 958 988 pater
982 899 1096 982 vellet,
1120 899 1315 982 „sentiebat
1333 896 1426 965 enim

313 1025 417 1093 miser
454 1025 525 1094 iam
559 1024 644 1114 quid
679 1025 864 1112 ageretur''
899 1024 958 1111 (ad
993 1024 1033 1106 Q.
1068 1024 1110 1094 ir.
1145 1021 1265 1110 133).
1294 1024 1341 1092 De
1375 1045 1428 1109 eo,

311 1169 416 1238 quem
441 1156 539 1218 vocat
563 1169 682 1238 „spem
707 1149 879 1236 reliquam
904 1149 1027 1217 suam”
1052 1149 1111 1232 (ad
1136 1147 1159 1217 l.
1185 1147 1264 1216 XIV
1287 1146 1368 1236 dd),
1391 1156 1428 1216 et

310 1274 353 1342 de
377 1275 454 1343 eins
477 1272 599 1343 lutura
622 1279 715 1342 sorte
740 1274 892 1341 maxime
916 1273 1042 1342 anxins
1061 1281 1131 1341 est:
1152 1272 1287 1358 „Qnid‘l
1305 1271 1426 1341 Cicero

311 1417 411 1466 meus
443 1397 526 1488 quid
551 1402 655 1486 aget?
678 1397 748 1466 lste
774 1418 854 1467 vero
878 1398 981 1465 sitin
1005 1398 1086 1465 sinu
1109 1417 1249 1487 semper
1271 1403 1307 1466 et
1330 1417 1426 1466 com-

311 1521 413 1611 plexu
451 1542 529 1591 meo
563 1523 624 1609 (ih.
659 1521 708 1611 3).
743 1522 832 1603 Quid
857 1542 922 1610 ego
945 1521 989 1590 de
1013 1521 1180 1592 Cicerone
1203 1521 1343 1591 dicaml
1365 1523 1426 1611 qui

309 1667 391 1715 cum
415 1648 572 1737 prim-um
596 1666 719 1737 sapere
743 1648 868 1737 coepit,
892 1647 1297 1716 acerbissimos-dolores
1322 1647 1425 1715 mise·

311 1773 452 1862 riasque
479 1773 635 1862 percepit
657 1772 717 1858 (ih.
741 1772 843 1858 1.1).”
868 1771 983 1840 Etiam
1007 1792 1090 1861 opes
1113 1773 1189 1840 eins
1213 1791 1257 1839 ne
1280 1779 1426 1861 pereant

312 1896 446 1980 metuit,
478 1897 507 1964 si
538 1895 702 1964 Terentia
732 1895 861 1985 aliquid
895 1917 938 1966 ex
966 1898 1038 1966 suis
1063 1897 1275 1966 vendiderit:
1301 1895 1424 1980 „Quid

310 2020 455 2090 obsecro
489 2026 534 2105 te,
569 2060 613 2071 -
637 2041 693 2089 me
718 2023 904 2091 miserum!
928 2022 1080 2112 -quid
1104 2022 1265 2090 futurum
1285 2022 1363 2090 estl

312 2145 377 2215 Per
398 2145 559 2216 fortunas
584 2147 729 2216 miseras
751 2154 900 2228 nostras,
926 2147 1002 2218 vide
1025 2169 1069 2216 ne
1083 2167 1233 2237 puerum
1246 2147 1423 2236 perditum

310 2272 509 2361 perdamus.
533 2271 598 2342 Gni
621 2273 650 2341 si
673 2272 806 2362 aliquid
830 2274 906 2357 erit,
932 2293 975 2341 ne
988 2279 1099 2363 egeat.
1114 2273 1280 2342 mediocri
1295 2273 1422 2341 virtute

309 2417 397 2487 opus
430 2403 485 2466 est
518 2404 554 2466 et
590 2397 755 2468 mediocri
784 2399 937 2482 fortuna,
961 2404 1001 2467 ut
1024 2403 1142 2467 cetera
1165 2399 1424 2488 consequntur”

309 2520 368 2606 (ib.
393 2521 439 2607 5).
462 2559 508 2571 —

353 2646 391 2717 Ο.
425 2645 705 2737 Calpurnius
738 2648 839 2716 Piso
874 2649 1009 2738 Frugi
1043 2668 1181 2736 gener
1214 2647 1425 2718 aGicerone

310 2790 450 2861 semper
468 2771 644 2841 landatur.
668 2771 823 2852 Quidnit
846 2771 914 2841 Pro
934 2793 1054 2842 socero
1067 2771 1424 2862 Pisoni-consulipro·

310 2899 441 2986 pinquo
472 2917 537 2966 sno
557 2897 760 2987 supplicans
782 2919 803 2965 a
828 2897 975 2986 pedibus
997 2899 1073 2966 eius
1095 2903 1149 2966 est
1172 2897 1323 2966 reiectus
1346 2901 1424 2985 (pro

310 3021 397 3091 Sest.
432 3020 490 3107 54)
525 3027 632 3110 atque
667 3028 833 3112 quaestor
868 3021 1019 3092 Pontum
1055 3030 1091 3089 et
1115 3021 1314 3111 Bithyniam
1342 3041 1424 3110 prae

309 3147 384 3214 eins
416 3145 529 3214 salute
559 3147 714 3235 neglexit
742 3151 789 3237 (p.
813 3147 886 3215 red.
910 3148 945 3216 in
971 3167 1044 3216 sen.
1067 3146 1135 3232 38).
1161 3146 1283 3236 Neque
1309 3148 1424 3215 minus

309 3270 424 3340 landis
453 3272 545 3339 inest
576 3272 612 3338 in
644 3272 820 3362 epistulis:
855 3271 1049 3356 „Pisonem
1082 3277 1121 3340 ut
1151 3271 1285 3354 scribis
1320 3291 1422 3361 spero

309 3396 383 3465 fore
426 3415 566 3486 semper
599 3403 759 3465 nostrum
793 3397 851 3483 (ad
883 3396 907 3463 t.
940 3395 1019 3464 XIV
1050 3395 1129 3481 lad).
1165 3396 1309 3466 Me....
1345 3395 1423 3466 Piso

310 3525 430 3588 noster
464 3520 580 3590 adhuc
615 3520 882 3590 Thessalonicae
917 3522 1045 3589 retinet
1075 3523 1133 3607 (ad
1165 3520 1205 3602 Q.
1239 3521 1282 3590 ir.
1305 3523 1321 3592 l
1344 3522 1423 3608 tn).

310 3645 471 3717 Pisonem
506 3652 666 3716 nostrum
704 3647 827 3715 merito
862 3647 938 3715 eius
967 3667 1047 3715 amo
1084 3646 1286 3735 plurimum.
1321 3648 1423 3733 Eum,

310 3777 349 3839 ut
372 3771 480 3862 potui,
505 3793 568 3861 per
590 3771 726 3840 litteras
749 3772 953 3842 cohortatus
977 3793 1054 3840 sum
1079 3773 1281 3861 gratiasque
1304 3773 1370 3860 egi,
1384 3779 1424 3841 nt

310 3895 415 3964 debui
445 3897 502 3982 (ad
539 3897 562 3964 t.
598 3895 677 3966 XIV
711 3897 792 3985 22).
818 3897 891 3966 Etsi
915 3898 1101 3987 diligenter
1123 3898 1165 3966 ad
1193 3917 1247 3965 me
1271 3896 1423 3977 Quintus

310 4022 420 4091 frater
454 4028 489 4091 et
524 4021 603 4090 Piso
638 4042 729 4111 quae
763 4030 880 4090 essent
913 4029 992 4091 acta
1026 4024 1326 4112 scripserant...
1362 4022 1422 4110 (ad

310 4146 380 4217 Aa.
405 4147 454 4216 ΙΙΙ
476 4145 579 4235 221).
605 4147 740 4215 Pisonis
760 4147 972 4231 humanitas,
997 4148 1119 4231 virtus,
1142 4149 1424 4218 amorinomnes

237 4275 241 4282 '
310 4292 372 4340 uos
396 4278 517 4341 tantus
540 4280 604 4355 est,
629 4279 668 4340 ut
691 4272 778 4340 nihil
802 4292 910 4363 snpra
933 4273 1052 4363 possit.
1077 4272 1217 4340 Utinam
1242 4293 1284 4341 ea
1308 4293 1364 4343 res
1390 4275 1423 4342 ei

311 4395 479 4486 voluptati
502 4397 563 4465 sitl
588 4397 719 4486 gloriae
743 4395 885 4486 quidem
912 4397 1010 4465 video
1030 4398 1105 4466 fore
1129 4398 1187 4486 (ad
1215 4397 1423 4486 tletla).
