3734 5518
977 619 1022 686 50

557 816 731 894 sniumei,
754 816 791 876 ad
813 823 929 876 nostrae
949 836 1017 876 enm
1040 822 1070 876 te
1091 816 1161 877 tulit
1181 817 1310 895 impetun
1333 822 1423 893 artes,

597 934 715 1010 Ingenii
737 939 860 993 currant
880 934 1005 993 flumine
1026 939 1140 1011 quanta
1161 935 1214 992 tui.

557 1050 587 1108 Si
609 1051 728 1110 linotet
750 1050 795 1110 ias
816 1056 869 1120 est,
892 1055 1067 1126 samaruga
1089 1049 1166 1108 vatis
1187 1048 1327 1124 habenas,

596 1166 738 1244 Auspicio
759 1165 831 1225 felix
854 1171 934 1226 totns
955 1171 989 1225 ut
1009 1183 1105 1224 annus
1126 1169 1183 1224 eet.

1217 1279 1309 1354 trost.
1333 1281 1348 1339 1
1370 1281 1512 1357 23-26).

480 1467 548 1535 Sed
583 1468 751 1556 propositi
787 1467 893 1536 huius
928 1467 1131 1557 perficiendi
1164 1474 1305 1556 tempus
1329 1487 1423 1536 mors
1450 1487 1551 1555 prae-

435 1591 554 1679 ripuit,
578 1593 628 1659 ita
653 1599 692 1659 ot
705 1591 807 1689 modu
820 1592 1021 1660 incohatam
1036 1592 1183 1660 alteram
1199 1591 1439 1660 recensionem
1458 1611 1553 1658 nunc

435 1715 639 1784 habeamus.
676 1716 780 1784 Liber
803 1717 940 1805 primus
963 1723 1059 1785 totus
1093 1716 1138 1785 ad
1164 1722 1339 1785 mutatum
1365 1714 1550 1783 eonsilium

434 1839 578 1909 refictus
612 1849 675 1910 est.
713 1841 822 1909 Primi
859 1860 980 1910 versus
1015 1841 1158 1929 (3-ao)
1193 1839 1405 1910 Germanico
1428 1839 1552 1907 Festos

433 1963 596 2033 offerunt.
632 1965 730 2046 Quae
753 1974 858 2034 antea
881 1966 989 2035 totius
1012 1967 1128 2055 operis
1151 1965 1324 2055 praefatio
1348 1964 1426 2048 fuit,
1457 1985 1552 2032 nunc

434 2089 515 2157 libri
538 2090 683 2158 secundi
707 2097 791 2159 sunt
816 2111 939 2158 versus
960 2089 1082 2158 3-18.
1109 2091 1263 2159 Maxima
1286 2091 1321 2157 in
1338 2099 1459 2179 poetae
1474 2110 1551 2168 ver-

436 2214 498 2297 bis,
529 2215 722 2284 interiectis
756 2221 809 2283 tot
836 2215 1028 2285 frustratae
1052 2215 1323 2304 exspectationis
1346 2215 1459 2297 annis,
1483 2215 1551 2281 im-

433 2340 581 2406 mutatio
607 2339 699 2408 facta
722 2345 787 2407 est.
812 2338 904 2408 Olim
929 2361 966 2409 se
991 2361 1060 2409 non
1083 2341 1200 2408 minus
1219 2339 1368 2428 imperio
1384 2338 1547 2428 prodesse

431 2461 585 2530 iactabat
608 2483 715 2552 quam
736 2464 880 2531 militem
894 2465 955 2554 qui
969 2464 1057 2533 fines
1069 2465 1179 2533 armis
1190 2469 1379 2547 tutaretur,
1404 2473 1438 2530 et
1453 2469 1490 2531 ut
1505 2462 1548 2530 ad

433 2605 470 2653 se
502 2607 643 2676 quoque
675 2589 833 2655 animum
859 2588 1058 2656 attenderet
1083 2588 1274 2676 Augustus
1299 2609 1370 2656 non
1398 2588 1547 2656 multum

431 2708 530 2779 abest
552 2711 636 2800 quin
664 2712 877 2800 postularet:

550 2943 580 3001 Si
604 2944 674 3002 mihi
696 2962 755 3002 non
781 2945 877 3004 valido
899 2951 1076 3022 torquentur
1097 2947 1158 3023 pila
1181 2947 1301 3022 lacerto,

589 3059 652 3119 Neo
674 3060 825 3120 bellatoris
847 3067 932 3138 terga
954 3068 1131 3138 premuntur
1151 3064 1230 3140 equi,

549 3173 611 3232 Nec
632 3175 719 3252 galea
740 3177 871 3253 tegimur
892 3196 946 3236 nee
967 3182 1054 3236 acuto
1075 3179 1225 3255 cingimur
1245 3196 1326 3254 enne,
1350 3212 1386 3221 -

589 3290 655 3349 His
676 3291 814 3351 habilia
837 3293 928 3352 telis
949 3293 1119 3371 quilibet
1139 3312 1219 3353 esse
1240 3300 1367 3371 potest
1388 3328 1426 3337 -

549 3407 590 3463 At
611 3411 663 3465 tun
683 3409 891 3484 prosequimur
912 3409 1044 3468 studioso
1066 3414 1192 3486 pectore,
1215 3409 1335 3482 Caesar,

588 3521 725 3590 Nomina,
747 3541 800 3599 per
821 3523 925 3582 titulos
947 3523 1193 3602 ingredimurque
1214 3531 1290 3585 tuos.

547 3635 645 3712 Elrgn
665 3637 755 3697 aden
775 3645 805 3696 et
829 3639 942 3716 placido
964 3639 1085 3716 paulum
1109 3659 1174 3698 mea
1196 3659 1320 3700 munere
1342 3642 1427 3700 vultu

586 3749 719 3829 Respice,
741 3753 906 3829 pacando
927 3755 957 3813 ai
979 3754 1067 3831 quid
1089 3756 1134 3815 ab
1157 3754 1257 3816 hoste
1279 3775 1402 3818 vacas.

1241 3873 1287 3947 (F.
1310 3874 1341 3930 II
1366 3875 1502 3947 11-18).

470 4059 585 4145 Nunc,
608 4062 682 4150 ipse
705 4063 776 4130 iam
800 4061 873 4131 iere
897 4065 1158 4152 sexagenarios
1182 4064 1444 4134 adulescentem
1458 4086 1541 4154 sup-

427 4186 504 4273 plex
528 4192 638 4276 rogat,
665 4193 704 4254 ut
728 4187 893 4256 benevole
917 4209 953 4255 se
978 4190 1142 4277 respiciat
1165 4196 1201 4256 et
1223 4189 1343 4257 demat
1366 4190 1540 4271 timorem,

430 4311 490 4398 qui
525 4331 546 4378 a
581 4311 766 4380 scribendo
789 4320 928 4401 poetam
954 4314 1104 4381 retineat
1128 4313 1287 4400 (timidae
1311 4314 1421 4403 dirige
1445 4315 1545 4382 navis
