3734 5518
917 774 962 842 59

375 973 489 1058 babet,
528 994 609 1040 nam
647 974 682 1040 in
718 972 840 1041 inseris
873 971 1042 1041 Claudius
1072 971 1214 1039 tesseris
1238 970 1328 1038 ludit
1351 975 1494 1058 pertuso

372 1098 504 1177 fritillo,
542 1098 736 1167 Menandro
753 1099 793 1186 1),
829 1098 935 1166 Aeaci
970 1096 1106 1181 liberto,
1144 1095 1305 1178 traditus,
1339 1100 1377 1162 ut
1405 1094 1494 1161 sito

372 1222 630 1310 cognitionibus
647 1221 705 1314 ²)].
745 1221 826 1291 Sed
861 1221 976 1312 utjad
1002 1221 1260 1291 Gallionem
1286 1230 1495 1291 revertar

372 1349 510 1436 (ἐκεῖνος
545 1347 607 1437 δὲ),
644 1348 764 1438 paucis
812 1347 923 1416 multa
966 1347 1170 1436 complexus
1223 1368 1298 1416 esse
1346 1349 1492 1416 dicitur:

371 1495 452 1543 cum
488 1475 582 1543 enim
620 1473 802 1542 bominum
836 1472 1088 1540 sceleratorum
1114 1492 1273 1561 corpora,
1298 1473 1340 1540 de
1365 1472 1494 1561 quibus

371 1599 583 1688 supplicium
608 1609 790 1686 sumptum
809 1607 912 1681 esset,
936 1618 957 1664 a
981 1596 1208 1666 carnificibus
1233 1599 1369 1687 magnis
1394 1599 1493 1666 uncis

370 1726 406 1793 in
430 1726 548 1794 forum
571 1733 678 1813 alque
703 1723 784 1792 inde
806 1724 841 1790 in
863 1723 1016 1792 Tiberim
1031 1726 1257 1792 traherentur
1270 1726 1328 1812 (ex
1342 1723 1493 1792 triclinio

370 1850 464 1917 enim
482 1848 651 1918 Claudius
662 1869 846 1916 servorum
861 1847 1025 1917 manibus
1036 1850 1150 1917 elatus
1163 1852 1230 1934 est)
1242 1849 1292 1917 ita
1304 1848 1490 1919 Claudium

371 1994 451 2056 non,
479 1983 516 2042 ut
542 1974 644 2062 vulgo
671 1973 788 2057 fiebat,
812 1973 849 2040 in
873 1971 1003 2041 llnmen
1027 1972 1203 2042 abiectum
1230 1974 1290 2041 sed
1304 1973 1340 2041 in
1354 1972 1489 2042 caelum

369 2097 502 2167 elatum
541 2118 627 2166 esse.
666 2139 704 2148 —
741 2097 819 2179 ero
851 2099 954 2166 modo
979 2099 1007 2166 si
1033 2098 1177 2166 Dionem
1202 2098 1492 2187 interpretamur,

372 2242 446 2291 non
483 2222 582 2291 video
605 2243 716 2310 quare
740 2222 993 2292 concludamus
1017 2243 1157 2292 necesse
1182 2225 1227 2291 sit
1250 2222 1491 2311 Apocolocyn-

375 2347 466 2415 tosin
490 2347 559 2414 alia
581 2349 796 2417 continuisse
820 2369 926 2436 quam
953 2369 1044 2436 quae
1069 2347 1190 2415 Ludus
1212 2348 1400 2416 contineat.
1424 2385 1469 2394 -

414 2470 524 2540 Porro
561 2472 828 2541 Boissevain
865 2473 914 2562 (p.
947 2473 983 2559 8)
1015 2474 1099 2542 dicit
1134 2475 1213 2557 „vix
1237 2471 1403 2542 credibile
1438 2477 1492 2539 est

372 2595 540 2665 Senecam
577 2598 745 2681 oratione,
783 2619 889 2687 quam
927 2598 1020 2666 Nero
1055 2599 1110 2666 die
1135 2597 1269 2666 luneris
1293 2598 1328 2664 in
1354 2596 1490 2666 Claudii

373 2720 541 2790 honorem
568 2721 722 2802 baberet,
750 2723 852 2791 modo
864 2722 1045 2791 elaborata
1058 2725 1225 2790 continuo
1238 2727 1317 2810 post
1330 2721 1490 2810 pessimis

367 2846 520 2913 eundem
544 2845 731 2915 Claudium
755 2848 920 2916 conviciis
943 2853 1184 2917 consectatum
1209 2847 1318 2914 esse.’'
1333 2846 1491 2935 Apparet

365 2970 474 3058 igitur
516 2970 737 3039 defensorem
781 2970 934 3040 Senecae
971 2979 1095 3059 putare
1132 2990 1226 3049 enm,
1261 2971 1322 3059 qui
1357 2970 1490 3039 scilicet

366 3093 503 3163 Claudii
526 3097 611 3164 vitia
631 3096 763 3184 optime
775 3097 929 3164 novisset
942 3116 1058 3185 neque
1072 3094 1227 3179 haberet,
1241 3114 1306 3163 cnr
1318 3094 1487 3163 defuncto

366 3219 570 3308 imperatori
599 3226 743 3306 gratum
769 3226 966 3308 praestaret
988 3221 1148 3288 animum
1172 3221 1357 3288 —omnia
1382 3219 1489 3288 bene-

368 3343 446 3412 licia
483 3345 697 3434 Agrippinae
732 3343 833 3412 favor
857 3346 893 3412 in
917 3365 998 3412 eum
1025 3345 1223 3414 contulerat
1246 3383 1289 3394 -
1312 3365 1355 3413 ex
1379 3344 1487 3412 animi

366 3469 542 3537 sententia
573 3471 704 3537 mortui
741 3469 887 3537 virtutes
918 3468 1091 3554 laudasse,
1115 3489 1196 3538 cum
1223 3470 1257 3548 ii,
1282 3469 1342 3558 qui
1366 3468 1487 3537 audie-

369 3591 454 3661 bant
473 3601 683 3682 „postquam
705 3593 749 3662 ad
771 3594 1026 3682 providentiam
1048 3595 1330 3683 sapientiamque
1343 3593 1487 3683 (oratio)

406 3888 436 3961 l)
477 3886 616 3948 Scbanz
649 3887 681 3949 R.
704 3888 734 3949 L.
759 3888 783 3948 ll
806 3907 831 3968 p.
857 3891 964 3950 ml:
988 3889 1025 3950 Es
1047 3889 1083 3950 ist
1103 3888 1155 3950 der
1176 3889 1314 3951 Komilrer
1335 3890 1489 3952 Menander

364 4001 499 4080 gemeint,
531 4002 632 4065 dassen
668 4003 801 4066 Vorliebe
833 4005 881 4066 liu
910 4005 1092 4084 llarstellung
1113 4024 1167 4067 ron
1192 4006 1418 4068 Rechtsbandeln
1442 4008 1487 4068 be-

369 4117 458 4179 kannt
479 4118 524 4178 ist.

405 4235 436 4304 2)
476 4232 553 4295 Fieri
575 4240 669 4296 tamen
692 4237 1486 4318 polesttlleinricbap.Birebelerp.378elranz

366 4346 416 4419 l.l.‚
438 4347 495 4409 iam
519 4349 689 4411 Boxhoru
712 4351 816 4430 [1636]
839 4371 895 4412 sec.
918 4352 996 4414 Ball
1019 4372 1044 4433 p.
1069 4356 1118 4428 54)
1140 4361 1169 4416 nt
1194 4353 1293 4415 ultima
1315 4353 1486 4426 interierint,

365 4463 395 4524 in
419 4464 528 4543 quibus
540 4465 652 4527 Claudii
665 4465 693 4526 ln
705 4467 884 4528 coenobitam
899 4469 1019 4530 mutatio
1029 4468 1144 4531 disertis
1157 4471 1251 4532 verbis
1263 4473 1486 4535 memorabatur.
