3734 5518
835 701 880 770 23
993 753 998 764 .

297 898 377 968 Tac.
402 897 443 967 A.
468 898 550 967 XIIl
572 898 617 968 ta
641 901 709 989 sq.)
732 919 769 967 se
794 899 964 968 defendit:
989 899 1032 968 de
1052 898 1413 984 vitabeatac.d-16‚

296 1025 472 1124 imprimis
495 1046 524 1094 c.
550 1025 645 1094 122:
666 1031 725 1108 „at
744 1030 868 1094 contra
880 1025 1092 1113 sapientium
1106 1024 1273 1094 remissae
1291 1024 1414 1113 volup-

297 1154 388 1217 tates
407 1155 443 1217 et
460 1150 638 1218 modestae
650 1171 692 1218 ac
704 1169 815 1237 paene
828 1148 1015 1237 languidae
1028 1165 1112 1216 sunt
1123 1167 1414 1237 compressaeque

297 1279 332 1342 et
357 1275 413 1342 vix
437 1273 623 1358 notabiles
643 1282 684 1343 ut
707 1293 798 1364 quae
821 1293 937 1363 neque
960 1273 1148 1342 arcessitae
1173 1274 1316 1341 veniant
1338 1294 1415 1359 nec,

298 1400 461 1488 quamvis
491 1420 555 1488 per
584 1419 621 1467 se
648 1399 871 1476 accesserint,
894 1399 930 1465 in
956 1397 1087 1466 bonore
1112 1398 1183 1466 sint
1205 1417 1320 1487 neque
1344 1397 1415 1467 ulio

297 1522 426 1610 gaudio
461 1523 731 1612 percipientium
766 1528 943 1611 exceptae,
975 1522 1124 1590 miscent
1154 1522 1248 1588 enim
1280 1521 1357 1590 illes
1380 1529 1416 1590 et

298 1648 603 1737 interponunt
633 1647 754 1715 vitae
784 1652 831 1714 ut
853 1646 1007 1714 ludum
1031 1647 1271 1733 iocumque
1294 1647 1416 1715 inter

299 1774 441 1842 seria'’
461 1773 500 1860 1).

343 1896 496 1966 Senecae
511 1902 645 1986 utpote
669 1895 840 1964 senatoris
863 1895 899 1962 in
923 1895 1048 1964 senat'u
1072 1914 1180 1966 causa
1203 1902 1283 1976 acta
1305 1901 1359 1964 est
1382 1901 1418 1964 et

299 2021 469 2089 nimirum
489 2021 614 2110 capitis
626 2020 827 2104 damnatur,
840 2025 877 2088 at
889 2019 1057 2089 Claudius
1070 2019 1225 2108 „grande
1237 2019 1417 2107 ingenium

299 2147 522 2236 exstinguere
545 2151 712 2234 gravatus
736 2145 773 2212 ni
796 2143 920 2213 fallor’'
941 2143 1289 2233 (Diepenbrock)
1311 2144 1418 2211 vitam

300 2271 331 2338 ei
355 2271 455 2360 petiit
475 2268 536 2357 (ad
562 2269 681 2358 Polyb.
706 2267 759 2362 13.
783 2268 823 2353 23
849 2268 1008 2337 Heikel
1033 2289 1065 2358 p.
1089 2266 1136 2355 7).
1162 2265 1418 2336 'Puncexiiium

299 2394 502 2464 decernitur
535 2399 572 2462 et
604 2392 747 2481 quidem
783 2393 992 2482 deportatio,
1025 2412 1104 2461 nam
1138 2392 1229 2460 bona
1252 2390 1419 2479 adempta

299 2539 374 2588 esse
400 2518 563 2587 videntur
579 2518 664 2605 2).—

345 2642 397 2712 Ne
421 2643 526 2711 nimis
549 2660 657 2730 parva
680 2641 834 2710 frustula
854 2640 1054 2723 evadereut,
1067 2638 1220 2720 Senecae
1233 2658 1336 2707 casus
1348 2658 1419 2706 nno

300 2773 422 2836 tenore
446 2767 688 2835 recensuimus
713 2765 889 2854 usquead
914 2765 949 2832 id
973 2769 1124 2852 tempus,
1144 2784 1214 2850 qno
1234 2782 1325 2851 quae
1338 2763 1420 2831 fecit

300 2897 407 2980 atque
433 2891 572 2960 locutus
594 2898 648 2958 est
667 2911 749 2960 oum
770 2889 947 2960 Ciceronis
958 2894 994 2955 et
1007 2886 1121 2956 Ovidii
1133 2887 1236 2956 factis
1247 2885 1419 2975 dictisque

301 3121 447 3186 Praecedit
477 3131 588 3184 tomen:
622 3121 696 3194 „Des
726 3121 924 3182 Verbrechens
954 3119 1061 3181 erklirt
1091 3137 1121 3180 er
1143 3118 1205 3180 sich
1227 3115 1420 3196 unschuidig”

304 3245 332 3300 et
364 3257 389 3318 p.
423 3239 442 3299 8
474 3238 508 3299 Η.
540 3236 625 3300 dicit:
659 3237 740 3309 „dui
769 3236 977 3315 beoospruchte
1011 3234 1158 3298 Unschtdd
1190 3233 1253 3295 sind
1276 3232 1352 3294 wohl
1373 3230 1419 3292 die

303 3355 523 3432 Aeusserungen
555 3352 590 3414 ad
622 3352 658 3413 Η.
680 3371 718 3414 m.
740 3353 805 3413 Xlll
826 3355 854 3423 t,
875 3354 904 3424 6,
929 3355 948 3413 8
969 3371 1005 3412 zu
1026 3351 1161 3412 deuten.”
1182 3350 1242 3428 Ego
1263 3355 1333 3429 puto
1354 3347 1421 3408 talia

303 3469 375 3531 nihil
406 3470 601 3531 demonstmre
632 3476 659 3530 et
691 3469 754 3530 loeo
775 3487 810 3530 ex
830 3468 866 3529 de
888 3467 944 3530 vitu
967 3469 1046 3528 beata
1068 3467 1153 3527 citato
1176 3464 1312 3526 maiorem
1334 3462 1420 3524 fidem

303 3585 462 3648 habendam
484 3603 555 3646 esse.

344 3703 373 3780 t)
405 3700 543 3763 Gercke
561 3719 590 3780 p.
615 3702 689 3762 304:
712 3699 780 3761 Wer
802 3699 859 3760 wilt
883 3717 947 3778 mag
968 3697 1096 3760 eusdem
1115 3695 1421 3775 „nequearoessitae”

304 3816 471 3895 schliessen,
490 3817 557 3878 dass
577 3816 683 3878 Seneca
706 3815 775 3888 „der
786 3814 938 3876 Verfdhrte
952 3813 1092 3889 war''(sic
1113 3793 1267 3887 Teuffel)
1285 3811 1343 3871 und
1356 3829 1421 3888 mag

303 3929 381 3992 diese
413 3932 563 3993 Annahme
591 3932 634 3992 als
654 3929 832 3992 mildemden
856 3928 993 3991 Umstand
1015 3928 1128 4006 geltend
1150 3927 1284 3988 macheu:
1307 3926 1355 3987 fiir
1374 3925 1421 3987 die

306 4047 512 4126 Bourtheilung
532 4046 583 4109 des
603 4046 721 4108 Manuos
742 4044 901 4122 verschiigt
923 4062 954 4105 es
975 4043 1054 4104 nieht
1077 4042 1140 4103 viel.

346 4165 377 4240 ἢ)
398 4163 440 4225 Gi.
462 4163 535 4224 inim
556 4163 586 4224 in
607 4181 669 4242 cap.
690 4161 726 4222 de
748 4179 777 4221 re
800 4159 944 4222 familiari.
968 4158 1094 4219 [testato
1107 4158 1226 4219 exulum
1239 4157 1294 4218 vid.
1314 4157 1421 4218 Owen

308 4277 411 4340 Tristia
436 4279 460 4340 1²
480 4298 507 4359 p.
530 4281 578 4355 99,
600 4278 780 4340 Humhert
801 4275 830 4337 in
859 4276 1081 4353 daremberg
1100 4281 1128 4336 et
1150 4272 1274 4352 Saglio
1297 4271 1423 4333 Diction-

306 4393 384 4456 unire
401 4395 452 4457 des
472 4393 636 4474 Antiquites
657 4403 709 4455 etc.
731 4412 783 4453 av.
804 4391 924 4454 exilium
946 4399 974 4453 et
993 4409 1068 4472 quos
1088 4389 1184 4452 citant.
