3778 5488
902 687 970 757 189

371 887 588 976 exprompsit
611 885 759 974 odium),
784 907 805 954 a
828 886 930 954 bonis
953 906 1034 955 cum
1060 885 1196 974 plausu,
1214 883 1493 954 consalutatione

371 1013 502 1081 forensi
524 1010 781 1102 perhonorifice
805 1011 953 1100 alii-sque
974 1009 1237 1081 benevolentiae
1251 1010 1495 1099 signisaccep·

371 1144 430 1207 tus
452 1144 515 1223 est,
540 1137 635 1227 quod
659 1136 789 1207 Caesar
810 1136 966 1225 graviter
989 1135 1111 1203 tulisse
1133 1133 1437 1220 diciturtib.18.l
1459 1141 1495 1202 et

372 1261 475 1352 193).
502 1262 550 1331 lte
571 1262 701 1331 auxilio
714 1281 736 1330 a
747 1261 899 1331 Curione
913 1259 1070 1330 Ciceroni
1085 1259 1179 1329 exuli
1192 1261 1361 1349 praestito
1372 1260 1494 1346 singu·

371 1389 444 1456 lare
469 1388 555 1456 nihil
581 1388 826 1475 comperimus,
851 1385 909 1454 sed
935 1407 966 1454 a.
990 1383 1035 1453 53
1058 1384 1180 1455 Cicero
1200 1385 1245 1454 ad
1258 1405 1340 1454 eum
1353 1385 1493 1454 scribit:

372 1511 510 1598 „Meam
547 1517 689 1582 tuorum
725 1531 810 1601 erga
846 1531 901 1579 me
934 1510 1140 1580 meritorum
1166 1514 1372 1580 memoriam
1397 1510 1495 1579 nulla

373 1658 542 1726 umquam
568 1637 698 1706 delebit
719 1637 848 1706 oblivio
872 1635 932 1723 (ad
957 1636 980 1704 s.
1005 1636 1036 1703 ll
1063 1635 1162 1712 t.2t.”

417 1763 454 1832 P.
486 1763 714 1832 Servilius
739 1762 870 1831 Vatia
893 1761 1132 1831 Isauricus
1155 1762 1495 1851 „quotienscumque

371 1889 404 1956 ei
427 1889 526 1958 locus
548 1887 688 1957 dicendi
711 1908 753 1956 ac
768 1892 921 1976 potestas
933 1887 1011 1970 fuit,
1024 1886 1214 1956 Gabinium
1228 1895 1263 1956 et
1276 1886 1493 1956 Pisonem...

374 2019 519 2101 propter
552 2011 639 2081 illud
672 2012 808 2101 insigne
839 2011 954 2080 scelus
984 2029 1107 2080 eorum
1135 2017 1171 2084 et
1194 2012 1433 2101 importunam
1457 2013 1492 2080 in

373 2156 429 2203 me
464 2137 710 2206 crudelitatem
748 2157 818 2205 non
854 2137 968 2206 solum
1004 2137 1278 2222 sententiarum,
1302 2136 1360 2205 sed
1386 2137 1492 2206 etiam

375 2261 561 2331 verborum
600 2263 774 2351 gravitate
811 2282 887 2331 esse
922 2261 1096 2331 notandos
1130 2261 1268 2351 putavit
1301 2260 1361 2348 (de
1397 2280 1493 2350 pror.

372 2405 468 2455 cons.
501 2385 550 2474 2).
577 2386 669 2455 Dixit
692 2387 789 2476 (cum
817 2387 952 2456 reditus
977 2390 1157 2475 ageretur)
1180 2405 1287 2475 opera
1312 2407 1390 2454 mea
1418 2407 1494 2455 rem

374 2510 550 2599 publicam
586 2513 800 2581 incolumem
838 2511 1103 2612 magistratibus
1138 2511 1303 2600 deinceps
1326 2511 1492 2580 traditam

372 2635 422 2722 (p.
459 2635 530 2703 red.
567 2636 610 2703 ad
641 2634 738 2715 Quir.
767 2635 855 2725 17).”
881 2635 977 2704 ldem
1003 2636 1246 2720 „auctoritatis
1269 2643 1304 2704 et
1327 2637 1496 2705 orationis

373 2777 458 2827 suae
493 2759 611 2828 divina
647 2760 800 2849 quadarn
830 2760 1024 2850 gravitate’'
1050 2759 1089 2840 Q.
1115 2760 1295 2828 Metellum
1322 2761 1493 2849 Nepotem

373 2904 455 2952 cum
490 2883 658 2954 Cicerone
684 2886 920 2955 reconciliavit
943 2885 993 2975 (p.
1018 2885 1090 2955 red.
1114 2887 1150 2953 in
1175 2905 1249 2954 sen.
1274 2885 1328 2954 25.
1354 2885 1405 2956 Cl.
1430 2907 1494 2974 pro

374 3007 462 3077 Sest.
485 3007 562 3094 130,
586 3009 629 3077 de
655 3029 751 3098 prov.
776 3030 870 3079 cons.
894 3009 963 3094 22).

418 3132 458 3214 Q.
490 3133 734 3202 Terentius
764 3133 921 3204 Culleo
952 3156 1033 3204 cum
1065 3133 1182 3203 Attico
1213 3134 1352 3204 locutus
1375 3140 1428 3202 est
1451 3135 1495 3203 de

374 3257 571 3347 privilegio:
596 3257 717 3342 „Quod
742 3267 859 3328 tecum
884 3259 1086 3328 Culleonem
1112 3259 1177 3346 (ita
1208 3257 1389 3347 Tyrrell
1413 3279 1494 3348 pro·

376 3381 480 3450 bante
516 3383 687 3468 Bootio)
718 3382 841 3452 scribis
872 3382 916 3451 de
949 3383 1128 3472 privilegio
1160 3382 1330 3463 locutum,
1354 3389 1406 3451 est
1430 3384 1495 3452 ali·

374 3507 492 3595 quid.”
527 3507 585 3592 (ad
622 3507 694 3575 Att.
719 3506 767 3575 lll
793 3507 878 3592 155,
904 3507 947 3576 ad
972 3527 1079 3597 quem
1103 3508 1220 3576 locum
1247 3508 1372 3578 Boot:
1398 3507 1494 3592 „Hoc

373 3637 533 3720 tempore
564 3631 748 3700 tribunum
773 3631 885 3720 plebis
909 3631 1017 3701 luisse
1041 3632 1206 3702 credibile
1226 3639 1290 3717 est,
1314 3633 1374 3702 sed
1399 3641 1495 3703 certo

374 3763 584 3844 argumento
619 3756 854 3825 demonstrari
888 3758 1099 3846 nequit...
1136 3757 1217 3837 Lex,
1241 3778 1313 3847 qua
1336 3757 1494 3828 Ciceroni

374 3901 468 3969 aqua
490 3888 525 3949 et
548 3881 620 3970 igni
643 3880 924 3965 interdiceretur,
948 3889 1025 3950 erat
1037 3882 1271 3970 privilegium,
1294 3883 1388 3972 quod
1406 3883 1494 3950 irro-

374 4007 449 4094 gari
476 4005 616 4073 vetabat
638 4005 693 4073 lex
707 4005 892 4074 duodecim
905 4004 1119 4074 tabularum.
1146 4005 1219 4074 Hoc
1233 4006 1341 4093 igitur
1353 4007 1495 4074 nomine

374 4128 601 4218 abrogatione
625 4150 694 4198 nou
719 4150 808 4218 opus
831 4136 917 4213 crat,
941 4130 1002 4197 sed
1027 4136 1164 4220 poterat
1188 4130 1309 4199 Cicero
1334 4137 1495 4199 senatus·

375 4252 535 4321 consulto
559 4255 726 4323 revocari.
750 4253 802 4323 Cf.
824 4254 912 4325 Sest.
937 4253 1029 4336 73”).

421 4375 466 4444 Μ.
500 4377 746 4446 Terentius
770 4377 922 4464 Verre,
951 4379 1110 4448 Ciceroni
1141 4386 1178 4448 et
1206 4380 1332 4448 studiis
1362 4380 1493 4449 eisdem
