3734 5518
889 699 933 768 75

347 904 449 981 esset,
483 918 565 967 eum
600 899 744 967 omnino
778 920 848 969 non
894 919 970 968 esse
1017 899 1212 988 legitimum
1247 898 1465 976 habebatur.

348 1021 513 1091 Condicio
548 1031 666 1092 tameu
694 1024 838 1092 exulum
865 1024 976 1112 magis
999 1023 1181 1112 magisque
1204 1022 1371 1112 gliscente
1399 1023 1465 1091 bu-

350 1148 517 1216 manitste
551 1154 587 1216 et
620 1149 832 1217 commercio
866 1149 996 1217 sensim
1031 1149 1067 1216 in
1094 1147 1219 1216 melios
1242 1153 1378 1216 mutata
1401 1152 1464 1224 est

348 1269 507 1341 Primum
542 1274 578 1340 in
614 1273 740 1341 ceteris
771 1272 1015 1342 tolerabantur
1051 1270 1252 1343 civitatibus
1289 1271 1360 1356 ubi,
1382 1291 1463 1340 cnm

349 1397 614 1484 peregrinorum
646 1397 725 1466 iura
759 1398 801 1465 iis
831 1417 972 1487 quoque
996 1403 1168 1486 paterent,
1194 1396 1316 1466 mortis
1339 1394 1463 1463 saltem

348 1521 474 1592 timore
505 1519 606 1588 liberi
640 1527 760 1604 erant3
791 1530 868 1590 tum
892 1521 1043 1590 civitatis
1064 1521 1200 1589 alienae
1224 1519 1461 1610 acquirendae

348 1645 448 1733 copie
483 1645 577 1714 lacta
610 1654 674 1728 est,
709 1645 861 1734 denique
894 1646 963 1715 buc
993 1644 1088 1723 illuc,
1117 1647 1199 1736 quia
1227 1645 1328 1733 vulgo
1353 1644 1464 1714 Roma

349 1768 506 1836 nonnihil
520 1789 639 1838 secum
652 1769 819 1853 tulerant,
834 1769 925 1842 ultro
938 1768 1189 1839 invitabantur.
1214 1769 1302 1842 Gom
1316 1769 1465 1858 legimns

348 1911 417 1976 eos,
452 1894 513 1981 qui
543 1894 675 1962 ultimis
699 1893 922 1983 temporibus.
940 1894 1070 1964 liberae
1095 1895 1144 1963 rei
1169 1893 1329 1984 publicae
1349 1893 1463 1962 solum

351 2024 541 2102 verterunt,
566 2018 756 2087 Massiliam
782 2018 919 2102 abiisse,
943 2025 984 2086 ut
1006 2017 1055 2087 ibi
1074 2020 1167 2086 vasis
1178 2019 1252 2087 suis
1264 2017 1463 2102 Corinthiis,

349 2143 419 2210 vita
454 2161 518 2211 sna
552 2143 616 2212 sibi
652 2143 858 2226 carioribus,
895 2143 1101 2213 fruerentur
1118 2149 1159 2231 1),
1196 2148 1258 2211 aut
1292 2143 1328 2210 in
1365 2163 1463 2224 oram

348 2265 452 2335 Asiae
489 2268 667 2356 migrasse
702 2267 763 2337 ubi
797 2276 932 2337 tantam
967 2269 1056 2337 vitae
1081 2269 1211 2337 otiosae
1236 2267 1463 2356 cupiditatem

348 2391 583 2481 conciperent,
620 2398 659 2459 ut
691 2411 736 2459 ne
767 2393 879 2480 rogati
903 2392 1044 2482 quidem
1070 2394 1263 2461 remearei
1311 2393 1463 2518 patriam

349 2515 524 2605 vellent2)
510 2517 880 2664 ),exiliurmeos
807 2516 1026 2626 dampationi
1052 2414 1417 2607 praetulisls'ellacile'
1408 2518 1465 2585 in-

348 2641 554 2730 tellegimus.
603 2623 767 2711 Attamen
815 2661 857 2711 eo
888 2642 995 2730 quod
1032 2649 1132 2712 extre
1167 2643 1305 2712 ltaliam
1347 2642 1464 2710 vivere

347 2763 574 2854 cogebantur,
610 2767 724 2855 prisca
759 2768 830 2834 iarn
864 2768 1024 2856 graviore
1059 2789 1172 2857 poena
1206 2765 1461 2849 alliciebantur,
1473 2751 1529 2828 W

348 2909 429 2959 nam
466 2890 548 2959 olim
587 2890 638 2958 vel
670 2889 780 2959 Tibur
797 2893 828 2977 ³)
862 2892 1030 2960 recedens
1062 2892 1190 2983 aliquis
1225 2891 1294 2981 legi
1324 2889 1463 2959 satista-

347 3015 471 3085 oiebat.
506 3016 603 3097 Quae
638 3016 855 3086 consuetudo
886 3019 921 3084 in
959 3015 1154 3084 minoribus
1184 3015 1320 3085 delictis
1345 3023 1465 3105 postea

347 3162 488 3232 quoque
522 3142 701 3226 remansit,
739 3149 777 3210 ut
811 3149 959 3232 apparet
992 3162 1035 3212 ex
1071 3141 1247 3211 luvenalis
1284 3139 1398 3209 verbis
1421 3139 1464 3216 de

347 3265 591 3336 decoctoribus
615 3269 697 3356 „qui
723 3276 858 3337 vertere
881 3268 1006 3350 solum,
1026 3265 1129 3335 Baias
1148 3266 1240 3334 etad
1253 3258 1483 3334 ostreacur-'

348 3391 453 3460 runt''
488 3391 552 3478 <xl
586 3390 656 3481 tlt).
691 3391 758 3473 Qui
783 3399 901 3460 tamen
927 3413 1038 3482 poena
1060 3392 1221 3482 graviore
1245 3389 1340 3478 digni
1363 3395 1466 3457 erant

349 3536 416 3584 non
441 3522 582 3584 tanturn
606 3516 716 3585 Roma
739 3525 775 3586 et
798 3516 899 3586 ltalia
920 3516 1151 3606 pellebantur,
1164 3515 1223 3584 sed
1238 3515 1344 3585 certis
1357 3515 1462 3582 etiam

348 3639 478 3709 tinibus
496 3641 779 3726 includebantur,
808 3644 891 3727 sive,
915 3644 972 3729 (ut
994 3643 1038 3710 de
1061 3641 1227 3710 Cicerone
1253 3679 1291 3689 -
1312 3646 1350 3708 et
1368 3639 1461 3728 quod

347 3765 455 3833 sciam
493 3766 645 3852 primum
681 3805 724 3816 —
758 3766 967 3855 accipimus)
1003 3767 1095 3835 intra
1122 3774 1257 3836 certum
1290 3762 1464 3833 abitalia
1561 3771 1563 3776 '

388 4064 418 4136 l)
460 4059 563 4122 Verres
583 4061 669 4139 (Plin.
692 4061 725 4122 N.
749 4060 782 4122 H.
806 4061 921 4123 xxxiv
942 4081 966 4122 c.
991 4064 1021 4136 ἢ)

388 4179 418 4248 2)
459 4176 611 4238 Marcellus
632 4177 707 4254 (Seu.
731 4176 765 4237 ad
788 4177 822 4238 ll.
847 4196 884 4238 m.
907 4180 1078 4250 tte-tot)

388 4294 418 4366 3)
459 4289 542 4354 ovid.
565 4311 599 4353 cx
623 4292 653 4352 P.
676 4292 687 4353 l
710 4294 773 4354 3.8l
801 4311 854 4371 sq,
876 4292 953 4353 Fasti
975 4292 1461 4372 Vlbdbsq.,cl.Cic.p.Caoc.98:

347 4409 376 4470 in
399 4408 527 4472 colonias
547 4408 670 4481 Latinus,
692 4409 790 4490 Polyb.
814 4409 852 4469 Vl
872 4427 896 4470 c.
920 4410 966 4472 ta.

1536 2659 1606 2762 ,ut
