3778 5488
875 691 942 762 233

345 890 411 960 sibi
445 890 671 980 profuturum
700 889 874 979 sperabat.
899 888 966 958 Sed
990 889 1061 958 iam
1086 888 1184 957 brevi
1209 895 1286 979 post
1309 889 1464 979 scripsit:

345 1015 504 1100 „Motum
529 1016 564 1083 in
592 1037 630 1084 re
654 1014 795 1105 publiea
817 1035 886 1084 non
907 1013 1341 1104 tantumegoimpendere
1355 1014 1464 1096 video,
1577 995 1580 1004 ¹

344 1146 518 1229 quantum
553 1147 593 1208 tu
618 1147 681 1208 aut
705 1139 802 1208 vides
825 1146 887 1208 aut
918 1139 961 1207 ad
988 1159 1043 1206 me
1066 1139 1320 1208 consolandum
1344 1139 1465 1223 alters,

345 1262 495 1350 Tigrane
509 1265 603 1332 enim
618 1263 776 1352 neglecto
786 1263 924 1332 sublata
933 1265 1143 1332 suntomnia
1152 1262 1212 1340 (ad
1224 1262 1465 1351 Au.1118.3).”

343 1387 440 1468 Quae
463 1401 544 1478 spes·
567 1387 627 1457 ubi
649 1389 804 1468 evanuit,
840 1389 981 1458 Atticus
1006 1389 1124 1457 statim
1150 1388 1255 1457 aliam
1280 1388 1465 1457 ostendere

342 1512 468 1602 coepit,
481 1531 572 1602 quae
585 1513 699 1583 amico
711 1519 829 1582 tamena
845 1533 914 1582 non
927 1513 1124 1583 arridebat:
1138 1512 1217 1595 „Me
1232 1519 1314 1581 tuae
1326 1511 1464 1580 litterae

342 1643 554 1718 sustemant,
584 1657 627 1705 ex
659 1639 798 1726 quibus,
830 1645 1004 1728 quantum
1035 1643 1075 1706 tu
1107 1639 1182 1726 ipse
1206 1656 1335 1727 spereS,
1362 1635 1463 1705 lacile

343 1761 534 1852 perspici03
565 1783 657 1850 quae
680 1762 822 1852 quidem
847 1768 966 1832 tamen
991 1762 1123 1852 aliquid
1151 1761 1327 1830 habebant
1350 1761 1464 1830 solatii

342 1894 436 1968 ante,
459 1907 566 1976 quam
579 1907 620 1955 eo
634 1887 759 1956 venisti
771 1908 793 1955 a
805 1887 988 1976 Pompeio:
1003 1907 1108 1968 ,nuno
1124 1887 1348 1955 Hortensium
1363 1885 1463 1955 allice

343 2017 379 2080 et
402 2011 575 2081 eiusmodi
599 2013 701 2080 viros‘
726 2011 787 2098 (ib.
811 2011 915 2101 9.‘2).”

388 2136 522 2207 Novam
560 2141 677 2206 tamen
712 2137 802 2205 viam
835 2137 971 2226 ingredi
996 2136 1117 2206 Cicero
1141 2157 1210 2204 non
1236 2137 1381 2204 omnino
1401 2135 1465 2204 ab·

343 2262 439 2330 nuit:
465 2260 591 2344 „Nunc
616 2262 645 2329 si
667 2262 734 2331 ista
757 2269 851 2341 sunt,
874 2281 966 2351 quae
990 2281 1121 2350 sperae,
1134 2260 1387 2329 sustinebimus
1400 2280 1465 2329 nos

347 2391 384 2453 et
418 2405 490 2476 spe,
525 2405 596 2475 qua
629 2386 740 2465 iubes,
771 2386 926 2454 nitemur
949 2385 1060 2474 (ib.).”
1086 2385 1152 2454 Sed
1179 2386 1290 2474 magis
1312 2385 1463 2454 officiose

346 2510 433 2580 baec
456 2529 563 2600 quam
590 2531 671 2578 vere
695 2510 788 2579 dicta
813 2519 908 2600 puto,
932 2512 1015 2600 quia
1038 2511 1159 2578 eodem
1186 2510 1242 2578 die
1258 2509 1301 2577 ad
1315 2509 1461 2578 tratrem

343 2635 393 2704 ita
416 2633 556 2703 scribit:
581 2635 771 2720 „Scribant
795 2634 839 2704 ad
864 2656 920 2703 me
943 2635 1084 2725 quidem
1111 2635 1213 2703 multi
1238 2632 1359 2718 multu,
1379 2639 1463 2702 etse

271 2808 275 2814 -
345 2779 487 2849 sperare
512 2759 766 2843 demonstrant,
790 2760 849 2828 sed
874 2780 948 2849 ego,
969 2761 1053 2848 quid
1074 2780 1210 2848 sperem
1224 2780 1295 2828 non
1309 2759 1463 2847 dispicio,

343 2903 424 2954 oum
448 2884 583 2953 inimici
607 2884 799 2973 plurimum
824 2885 972 2968 valeant,
986 2886 1088 2954 amici
1102 2886 1229 2973 partim
1244 2884 1462 2953 deseruerint

345 3029 411 3092 me,
437 3010 566 3099 partim
591 3010 696 3078 etiam
723 3010 941 3099 prodiderint
963 3010 1022 3095 (ad
1047 3008 1086 3089 Q.
1111 3010 1152 3078 lr.
1178 3011 1193 3077 Ι
1216 3009 1319 3098 3.5).”

387 3134 464 3215 Quo
489 3135 621 3204 diutius
644 3142 763 3203 autem
790 3133 995 3202 morabatur
1017 3145 1175 3217 erantne,
1199 3154 1241 3201 eo
1260 3134 1373 3222 magis
1384 3153 1464 3222 spes

343 3260 420 3328 eius
446 3260 634 3328 imminuta
657 3264 728 3328 est:
749 3257 867 3342 „Tuae
889 3258 1032 3348 quidem
1046 3258 1194 3337 litterae,
1207 3279 1277 3347 quo
1290 3259 1463 3346 saepiusa

344 3404 401 3452 me
436 3383 612 3473 leguntur,
648 3383 714 3452 hoe
744 3397 856 3471 spem¹
874 3383 1010 3452 faciunt
1041 3382 1125 3451 mibi
1149 3384 1334 3465 minorem,
1357 3381 1462 3470 quod,

344 3530 426 3578 cum
451 3509 561 3578 lectae
585 3514 679 3587 sunt,
703 3515 778 3575 tum
803 3507 850 3591 id,
874 3507 967 3596 quod
992 3507 1186 3576 attulerant
1206 3506 1248 3574 ad
1274 3526 1385 3596 spem,
1410 3507 1464 3574 in·

345 3633 500 3715 firmant,
524 3639 563 3702 ut
587 3633 689 3702 facile
713 3639 882 3720 appareat
905 3639 940 3701 te
963 3638 999 3701 et
1022 3631 1250 3702 consolationi
1273 3633 1405 3700 servire
1428 3639 1464 3699 et

346 3759 502 3842 veritati3
537 3760 657 3846 itaque
681 3765 715 3827 te
740 3779 823 3847 rogo
847 3757 961 3847 plane,
985 3767 1025 3824 ut
1048 3756 1091 3824 ad
1117 3777 1184 3840 me,
1208 3777 1298 3845 quae
1322 3757 1400 3840 scie,
1425 3764 1464 3824 ut

344 3889 461 3963 erunt,
481 3903 572 3971 quae
584 3883 737 3972 putabis,
750 3888 791 3952 ut
803 3880 953 3973 putabiS,
966 3883 1015 3950 ita
1027 3881 1161 3950 scribas
1173 3881 1231 3969 (ad
1246 3881 1318 3950 Att.
1332 3880 1462 3969 11116).

344 4007 479 4087 Cetera,
511 4027 601 4096 quae
629 4007 673 4075 ad
712 4028 767 4076 me
802 4006 934 4075 eisdem
969 4006 1094 4074 litteris
1129 4004 1253 4075 scribis
1275 4006 1318 4074 de
1342 4013 1463 4075 nostra

344 4151 416 4221 spe,
439 4131 603 4219 intellego
615 4151 691 4200 esse
704 4130 933 4221 languidiora,
947 4152 1054 4219 quam
1068 4130 1126 4198 alii
1139 4130 1331 4199 ostendunt
1342 4130 1463 4220 (tw).

344 4253 444 4334 Quod
480 4256 652 4325 eiusmodi
689 4255 773 4324 mihi
808 4256 945 4324 litterae
976 4277 998 4323 a
1030 4254 1127 4324 vobis
1150 4253 1400 4335 afferebantur,
1425 4262 1464 4324 ut

343 4379 474 4468 aliquid
509 4401 553 4450 ex
585 4382 628 4449 iis
662 4387 753 4450 esset
787 4380 1074 4470 exspectandum,
1110 4399 1171 4469 spe
1201 4388 1237 4449 et
1268 4380 1461 4468 cupiditate
