3778 5488
888 672 956 742 219

402 869 538 950 Quibus
561 889 778 958 quamquam
806 891 882 939 mea
905 869 1048 958 quidem
1070 869 1244 937 sententia
1266 867 1475 937 Merkelii

356 995 525 1063 iudicium
565 995 707 1064 minime
742 995 924 1083 probatur,
948 1015 1017 1063 non
1042 1000 1163 1062 tamen
1186 995 1228 1062 iis
1252 993 1473 1076 adducimur,

357 1129 396 1188 ut
431 1119 693 1187 consentiamus
727 1141 808 1189 cum
846 1119 1096 1188 Boissierio
1131 1118 1277 1207 (Oppos
1313 1137 1345 1205 p.
1377 1115 1474 1200 t58):

357 1243 493 1332 „Apris
534 1243 705 1334 quelques
749 1252 924 1312 moments
965 1242 1008 1311 de
1051 1242 1346 1331 decouragement
1380 1241 1404 1308 il
1439 1261 1476 1308 se

356 1369 534 1436 remettait
568 1368 589 1435 b
624 1368 740 1437 llatter
774 1376 809 1437 et
833 1369 853 1436 d
877 1370 981 1457 puer,
1006 1387 1142 1437 comme
1166 1369 1195 1434 si
1219 1367 1320 1434 l‘ame
1345 1365 1476 1434 cruellc

355 1498 391 1560 et
425 1491 659 1580 dedaigneuse
695 1493 738 1561 de
773 1493 897 1562 'libere
933 1494 1076 1583 pouvait
1110 1493 1185 1561 etre
1220 1491 1371 1560 sensible
1395 1489 1415 1558 a
1442 1491 1476 1558 la

357 1615 471 1706 priere
495 1622 530 1685 et
554 1637 622 1685 aux
649 1616 850 1686 tlatteries”.
878 1659 916 1666 -

401 1742 718 1811 Germanicum
761 1762 912 1831 quoqne,
955 1763 1061 1830 quem
1099 1743 1297 1831 propiorem
1333 1740 1399 1809 sibi
1434 1759 1475 1808 ac

357 1865 674 1934 benevolentiorem
693 1865 882 1949 iudicabat,
895 1865 1097 1934 adulatione
1112 1885 1316 1955 permovere
1328 1865 1474 1947 studuit,

357 1997 395 2058 nt
408 1979 501 2080 apud
511 1990 711 2079 Augustum
727 2031 765 2040 -
776 1998 812 2059 et
823 1991 916 2080 apud
931 1990 1110 2060 Tiberium
1125 1997 1476 2080 postea—patronus

355 2115 420 2182 sibi
443 2121 545 2183 esset.
570 2115 673 2183 Illum
690 2122 808 2183 tamen
823 2136 866 2183 ne
881 2117 981 2184 iixori
993 2116 1137 2205 quidem
1149 2123 1273 2186 contra
1286 2115 1472 2184 arbitrium

355 2259 460 2307 suum
495 2240 735 2327 indulgentem
772 2241 861 2309 scire
894 2243 1087 2330 poterat1).
1113 2241 1358 2329 Eloquentiam
1382 2242 1475 2324 „oris

355 2364 536 2432 caelestis''
572 2365 773 2434 Germanici
808 2387 915 2454 supra
952 2365 1094 2434 modum
1130 2365 1264 2434 extollit
1298 2385 1340 2432 ex
1377 2364 1412 2432 P.
1443 2364 1473 2432 Il

354 2486 530 2557 5.·47-54.
568 2489 712 2559 Suillius
746 2512 828 2560 cum
857 2491 1052 2579 scripsisset
1076 2511 1112 2558 se
1136 2493 1260 2580 gratia,
1284 2511 1355 2577 qua
1378 2490 1472 2579 apud

355 2613 605 2683 Germanicum
618 2615 807 2692 frueretur,
821 2616 951 2683 fretum
967 2637 1028 2705 pro
1039 2615 1161 2684 Ouidio
1178 2615 1282 2684 verba
1294 2615 1472 2683 facturum

355 2738 406 2820 „si
449 2746 565 2827 posset
607 2759 753 2828 superos
790 2738 899 2808 lenire
934 2740 1112 2827 rogando'
1147 2744 1204 2826 (ex
1242 2740 1275 2806 Ρ.
1312 2740 1357 2809 IV
1393 2739 1472 2824 83),

355 2862 501 2944 Ovidius
524 2865 698 2933 scribens:

515 3007 552 3066 Di
573 3007 628 3066 tibi
649 3012 719 3066 nunt
739 3007 849 3067 Caesar
870 3008 997 3066 iuvenis.
1019 3013 1072 3066 tua
1093 3009 1218 3067 numina
1239 3007 1331 3086 placa.

554 3123 618 3183 Hac
638 3128 717 3182 certe
739 3123 822 3182 nulle
843 3130 888 3183 est
909 3124 1007 3183 notior
1027 3142 1080 3182 erc
1097 3124 1160 3182 tibi.

1242 3225 1434 3301 ωλὴῃ

354 3352 528 3440 significat
551 3373 619 3420 non
645 3353 711 3421 sibi
735 3353 839 3422 deum
864 3374 940 3423 esse
964 3353 1225 3438 Germanicum,
1250 3355 1343 3443 quod
1369 3376 1473 3444 porro

355 3475 519 3554 declarat,
543 3477 605 3546 ubi
629 3478 815 3546 Gaesarem
838 3479 1001 3547 iuvenem
1017 3484 1251 3547 utstrenuum
1268 3479 1471 3548 bellatorem

353 3600 545 3690 alloquitur
586 3602 809 3692 eundemque
853 3624 1020 3689 magnum
1067 3610 1217 3692 poetam,
1260 3604 1317 3672 cui
1353 3613 1472 3673 tamen

353 3724 502 3794 aliorum
539 3726 660 3794 laudes
694 3749 764 3795 non
799 3728 942 3796 inutiles
972 3729 1043 3796 sint
1066 3732 1130 3814 (vs.
1153 3727 1313 3817 31-88).
1338 3729 1376 3796 ln
1402 3727 1471 3797 fine

353 3849 495 3919 demum
530 3851 701 3940 epistulae
736 3873 778 3920 ex
815 3861 931 3920 mente
965 3853 1082 3921 denno
1114 3852 1225 3933 Suilli,
1249 3861 1289 3922 ut
1312 3853 1372 3922 illa
1392 3860 1472 3922 vota

352 3994 417 4043 sua
440 3974 483 4044 ad
509 3976 694 4058 „caelestia
718 3978 887 4046 numina''
913 3978 1076 4066 perferat,
1102 3984 1189 4047 orat.

393 4137 424 4210 l)
465 4136 584 4197 Sueton,
607 4137 679 4214 Aug.
702 4140 757 4198 St:
779 4137 932 4198 Sermones
948 4158 1065 4217 qnoque
1076 4139 1277 4218 cumsingulis
1289 4148 1374 4218 atque
1385 4141 1470 4201 etiarn

352 4270 419 4312 curn
451 4251 529 4312 Liria
551 4271 603 4313 sua
625 4253 771 4331 graviores
792 4253 907 4314 nonnisi
929 4254 1053 4334 scriptos
1075 4262 1102 4314 et
1125 4274 1140 4315 e
1164 4255 1261 4316 libello
1284 4256 1415 4327 habebat,
1438 4275 1472 4317 ne

352 4367 419 4446 plus
440 4367 571 4429 minusve
593 4368 760 4447 loqueretur
779 4388 814 4430 ox
837 4378 974 4449 ternpore.
