3778 5488
915 653 977 722 251

385 851 501 938 ipsum
537 850 632 933 dare,
667 849 798 918 Romae
834 850 1053 939 praesertim,
1087 850 1122 918 iu
1159 849 1246 918 urbe
1277 869 1503 932 „sermonum

386 973 521 1057 avida'’‚
544 994 635 1063 quae
658 994 799 1063 semper
822 975 903 1043 novi
926 974 1057 1064 aliquid
1082 975 1147 1043 sibi
1160 975 1364 1064 quaerebat,
1379 975 1505 1063 prioris

385 1099 453 1167 diei
476 1109 556 1168 acta
579 1106 741 1182 „mature
764 1100 868 1188 plena
880 1099 1116 1188 relinquens''.
1134 1099 1224 1169 Cum
1236 1105 1356 1167 autam
1369 1098 1503 1183 scribit,

385 1223 477 1313 quod
506 1224 614 1292 Roma
639 1225 741 1313 legat,
769 1225 947 1294 vinculum
973 1245 1054 1294 cum
1069 1225 1193 1313 patria,
1205 1223 1298 1313 quod
1311 1223 1503 1292 identidem

385 1349 420 1416 in
456 1369 497 1416 eo
532 1355 586 1416 est
620 1357 660 1416 ut
694 1348 861 1434 solvatur,
897 1350 1013 1419 denuo
1036 1351 1249 1436 coniungere
1273 1348 1338 1417 sibi
1365 1347 1503 1417 videtur

386 1473 458 1559 (Tr.
483 1473 511 1542 V
539 1472 613 1542 1.80
635 1473 729 1542 iufra
752 1474 871 1562 laum).
897 1476 1013 1564 Atque
1038 1482 1219 1564 praeterea
1238 1475 1274 1541 iu
1300 1474 1376 1563 ipso
1387 1473 1504 1542 studio

386 1606 493 1688 atque
516 1598 646 1683 labore,
668 1599 798 1688 quibus
810 1599 932 1668 furtim
949 1601 1054 1668 horae
1067 1599 1250 1684 falluntur,
1265 1599 1438 1668 medicina
1451 1604 1505 1666 est

386 1725 557 1814 quiesque
581 1723 775 1796 malorum:

506 1895 565 1955 Seu
585 1900 688 1972 stupor
709 1894 777 1954 huic
797 1894 906 1971 studio,
926 1895 990 1954 aiva
1011 1900 1056 1954 aut
1076 1895 1193 1954 insania
1214 1913 1333 1971 uomau,

547 2011 652 2071 Omnia
672 2012 711 2071 ab
731 2011 786 2070 hau
806 2029 879 2070 auru
900 2029 982 2070 meua
1003 2011 1136 2071 relevata
1157 2029 1224 2070 maa
1243 2016 1296 2070 aat.

1176 2127 1239 2202 (Tr.
1259 2128 1274 2186 1
1299 2129 1383 2185 ll.ll
1406 2126 1464 2205 aq.)

506 2263 537 2322 Si
558 2280 702 2340 saporam,
723 2261 824 2322 doatua
844 2260 971 2320 adiuuem
992 2261 1058 2321 iuro
1078 2279 1203 2339 auratas,

544 2378 676 2438 Numina
697 2378 803 2438 cultori
825 2378 990 2455 paruiaioaa
1010 2396 1073 2438 auo.

506 2495 546 2553 At
567 2513 646 2554 uuna
667 2528 705 2538 —
727 2499 811 2553 tauta
833 2511 897 2552 meu
918 2511 1016 2553 uomaa
1037 2499 1082 2553 aut
1102 2493 1220 2553 iuaauiu
1240 2495 1343 2554 morbo
1367 2529 1401 2538 -·

545 2608 626 2668 Saxa
646 2609 758 2669 malum
780 2609 877 2669 refero
898 2628 1001 2670 rursus
1022 2608 1138 2669 adiuta
1158 2608 1274 2687 padam.

941 2724 1004 2804 (Tr.
1025 2726 1059 2783 II
1081 2727 1198 2785 13-16
1220 2725 1257 2785 ud
1279 2727 1464 2804 Augustum)

505 2859 551 2917 Eu
573 2877 638 2937 ago,
659 2878 726 2918 aum
747 2877 863 2920 caream
886 2860 984 2937 patria
1005 2860 1148 2937 vobiaqua
1169 2859 1325 2938 domoque,

546 2975 705 3054 Raptaque
725 2975 795 3051 aiut,
816 2976 906 3034 adimi
928 2993 1005 3053 quae
1027 2980 1149 3054 potuero
1171 2975 1254 3045 mihi,

504 3091 631 3168 Ingenio
652 3096 752 3150 tamen
773 3093 836 3170 ipae
858 3110 924 3151 meo
944 3093 1127 3171 comitorque
1150 3091 1306 3170 fruorque:

545 3205 655 3266 Oaaaar
675 3207 706 3265 iu
724 3207 782 3288 ¹hoa
803 3208 900 3285 potuit
920 3208 994 3267 iuria
1015 3209 1126 3268 habere
1148 3208 1232 3268 nihil.

926 3325 987 3399 (Tr.
1010 3325 1059 3383 111
1081 3325 1229 3385 utu-48
1251 3324 1288 3383 ad
1309 3324 1465 3398 Perillam)

505 3439 697 3516 Rutulorum,
720 3441 896 3518 requiesque
918 3441 1000 3517 mihi,
1022 3459 1080 3500 uon
1102 3439 1183 3499 famu
1203 3440 1298 3518 petita
1319 3443 1373 3514 aut,

546 3553 630 3612 Meua
651 3555 767 3614 intenta
788 3556 850 3615 auia
870 3574 909 3615 ua
929 3555 1007 3616 iurat
1027 3575 1121 3634 usqua
1144 3556 1229 3616 malis
1241 3600 1247 3613 .
1261 3599 1268 3615 .
1283 3601 1310 3614 ..

506 3669 563 3730 Sed
585 3689 664 3731 uuna
685 3670 757 3749 quid
778 3671 907 3731 fauiam?
929 3673 974 3732 via
995 3691 1042 3732 ma
1062 3676 1145 3732 tenet
1166 3673 1231 3750 ipaa
1252 3691 1414 3750 sacrorum,

547 3787 584 3846 Et
605 3805 725 3847 aarmeu
746 3787 868 3847 damam
888 3788 1020 3847 earmina
1041 3788 1139 3848 laaaua
1156 3806 1242 3849 amo.
1256 3836 1262 3848 .
1276 3835 1302 3849 ..

507 3903 645 3962 Forsitan
666 3904 721 3964 hoa
741 3904 873 3964 studium
895 3906 987 3983 posuit
1008 3905 1091 3965 furor
1111 3923 1175 3964 mua
1197 3905 1301 3980 videri,

546 4018 603 4078 Sed
625 4019 767 4095 quiddam
787 4020 872 4080 furor
892 4020 940 4080 hia
961 4021 1100 4080 utilitatis
1121 4021 1220 4080 habet.

917 4136 977 4212 (Tr.
1000 4137 1045 4195 IV
1069 4139 1114 4195 1.3
1136 4156 1190 4214 aq..
1213 4138 1250 4196 29
1271 4156 1326 4215 aq„
1349 4140 1385 4197 37
1408 4139 1463 4216 aq.)

546 4250 666 4320 Tristia,
687 4268 747 4327 quo
768 4268 897 4329 possum,
918 4251 1049 4311 carmine
1070 4251 1133 4311 sata
1153 4252 1231 4313 lavo.

505 4365 590 4438 Quod
612 4367 749 4444 quumvis
770 4385 857 4426 namo
877 4373 931 4446 eat,
952 4367 1037 4429 auiua
1059 4367 1207 4429 raiaratur
1228 4368 1265 4428 ad
1284 4387 1382 4447 aurea,
