3778 5488
853 783 917 852 241

369 982 540 1065 Ouidio,
564 983 622 1052 cui
645 983 704 1052 citi
726 981 859 1051 reditus
880 1001 960 1071 spes
973 987 1126 1050 mentem
1143 1003 1212 1050 non
1226 980 1389 1052 irritabat
1405 1021 1443 1029 —

326 1108 451 1177 melius
485 1105 636 1196 Augusti
674 1113 819 1175 noverat
842 1107 1078 1176 constantiam
1105 1146 1143 1155 -
1169 1107 1240 1173 iam
1264 1106 1384 1174 statim
1407 1107 1443 1174 in

325 1232 430 1321 longo
454 1232 716 1320 tranquilloque
740 1251 847 1300 cursu
870 1231 1048 1299 maritimo
1061 1229 1165 1299 rediit
1177 1231 1318 1298 animus
1329 1250 1445 1319 neque

324 1355 391 1426 uisi
422 1357 456 1426 in
487 1357 561 1446 ipso
581 1357 792 1428 calamitatis
815 1355 1018 1424 discrimine
1041 1355 1084 1422 ‹ie
1110 1362 1222 1424 morte
1247 1354 1445 1425 voluntaria

323 1483 494 1571 cogitasse
530 1480 677 1550 videtur.
710 1480 825 1550 Amici
850 1500 932 1548 vero
956 1485 991 1548 ct
1014 1499 1094 1569 spes
1118 1480 1230 1549 futuri
1256 1479 1443 1568 prohibue-

324 1611 408 1675 runt
432 1606 623 1694 quominus
647 1612 774 1675 conata
797 1604 999 1695 perficeret:

445 1775 614 1836 Attonitum
636 1776 688 1853 qui
712 1793 767 1848 me,
789 1775 920 1844 memini,
941 1775 1101 1852 uerissime,
1124 1776 1237 1853 primm

484 1891 584 1952 Ausus
604 1908 636 1951 os
657 1890 796 1968 adloquio
816 1891 995 1950 sustinuisse
1016 1897 1077 1967 tuo,

444 2007 502 2077 Qui
525 2005 598 2066 mihi
618 2006 775 2066 consilium
800 2006 919 2065 vivendi
942 2005 1153 2084 mitodedun,

481 2122 556 2183 (ium
577 2121 654 2182 toret
675 2122 706 2180 in
729 2122 835 2182 misero
857 2127 975 2200 pectore
998 2123 1100 2182 mortis
1121 2142 1212 2183 emor.

1159 2239 1222 2311 (Tr.
1243 2238 1259 2296 1
1281 2239 1403 2318 ua-o)

370 2397 470 2464 Hunc
505 2399 659 2470 amicum
691 2397 832 2467 Celsum
857 2399 964 2467 fuisse
988 2400 1100 2468 conici
1125 2404 1240 2487 potest
1261 2421 1304 2468 ex
1330 2401 1441 2470 hisce:

441 2566 467 2626 Ο
488 2567 625 2644 quotiens
648 2568 727 2626 vitae
746 2572 845 2627 custos
865 2569 981 2628 invisus
1001 2586 1121 2628 amarae

481 2681 637 2744 continuit
657 2689 808 2761 promptus
829 2684 860 2742 in
883 2702 948 2744 mea
969 2684 1032 2744 tuta
1053 2686 1176 2745 manuni

1088 2798 1140 2877 (ex
1162 2801 1195 2860 P.
1218 2801 1233 2860 1
1254 2803 1322 2861 921
1345 2807 1401 2881 sq.)

367 2953 462 3022 luter
484 2970 584 3046 'quos
619 2955 756 3025 Cottam
783 2977 924 3046 quoque
948 2957 1055 3026 fuisse
1080 2959 1278 3048 siguificare
1303 2961 1441 3029 videtur

321 3077 379 3149 Tr.
404 3079 433 3148 V
456 3078 551 3150 ata:

482 3248 664 3311 Semineoem
687 3250 793 3329 Stygia
814 3251 958 3311 revocasti
980 3251 1061 3312 solus
1081 3253 1120 3313 eb
1141 3253 1229 3314 unda.

365 3406 433 3475 Sed
468 3428 489 3476 a
524 3407 592 3496 Spe
629 3429 774 3477 manum
809 3429 910 3478 suam
947 3415 1121 3479 retentam
1153 3432 1229 3480 esse
1253 3412 1374 3482 scribit
1397 3434 1439 3482 ex

320 3530 357 3600 P.
382 3531 396 3599 1
420 3529 495 3600 uri
521 3552 591 3620 sq:

440 3701 488 3760 Aio
508 3720 627 3780 quoquo
648 3707 805 3762 conantem
826 3702 928 3780 gladio
948 3703 1036 3764 finire
1055 3704 1187 3766 dolorem

480 3817 586 3876 Arcuit
606 3817 716 3877 iniecta
735 3819 944 3897 continuitque
966 3838 1065 3879 manu.

364 3975 492 4065 Magna
515 3977 610 4044 enim
634 3997 714 4066 spes
735 3988 813 4047 erat
836 3980 893 4063 „in
911 3979 1067 4049 bonitate
1080 3981 1157 4050 dei''
1171 3980 1231 4069 (ib.
1245 3981 1315 4070 46),
1329 4004 1436 4073 quam

321 4120 419 4189 spem
444 4099 605 4188 Augusto
629 4103 706 4170 vivo
731 4124 927 4193 numquam
951 4109 1054 4193 poeta
1077 4107 1211 4175 amisit:

437 4242 507 4320 Ipso
527 4242 596 4303 iioet
617 4262 737 4321 sperare
758 4251 850 4322 vetos,
871 4246 1058 4324 speretium
1079 4266 1182 4325 usque,

478 4359 542 4420 Hoc
567 4378 658 4419 unum
680 4359 745 4420 fieri
766 4368 796 4420 te
818 4361 994 4438 prohibente
1015 4367 1119 4439 potest.

1123 4478 1186 4557 (m.
1207 4480 1239 4539 11
1263 4481 1318 4618 1143
1340 4487 1397 4560 sq.)
