3734 5518
444 911 526 959 nem
562 911 757 981 numquam
793 892 979 962 consilium
1003 894 1147 982 cepisse,
1173 893 1236 962 has
1259 894 1304 964 ob
1327 915 1453 964 causas
1477 895 1563 964 milri

446 1034 654 1103 persuasum
680 1022 733 1084 est
750 1017 791 1105 ¹).

490 1140 528 1208 ln
564 1139 716 1210 Cornelii
751 1141 896 1231 Nepotis
925 1143 996 1211 vita
1030 1143 1137 1213 Attici
1161 1149 1207 1232 (c.
1236 1143 1291 1232 16)
1315 1144 1486 1234 scriptum
1511 1145 1564 1212 in·

447 1265 625 1335 venimus:
674 1286 778 1351 „eum
821 1267 1013 1357 (Atticum)
1056 1268 1243 1358 praecipue
1278 1267 1400 1337 dilexit
1430 1267 1564 1352 Cicero,

447 1396 485 1458 ut
521 1410 565 1458 ne
599 1390 710 1459 frater
744 1391 886 1480 quidem
918 1394 950 1462 oi
981 1392 1134 1474 Quintus
1157 1395 1271 1463 carior
1296 1393 1404 1462 fuerit
1426 1400 1489 1462 aut
1510 1394 1565 1462 la-

449 1514 626 1584 miliarior.
672 1516 712 1584 Ei
748 1517 798 1585 rei
833 1524 917 1586 sunt
946 1517 1075 1587 indicio
1110 1524 1251 1608 praeter
1285 1538 1345 1588 eos
1379 1517 1497 1603 libros,
1528 1518 1564 1586 in

445 1639 575 1730 quibus
597 1640 641 1708 de
664 1659 705 1709 eo
729 1641 813 1710 facit
839 1643 1064 1728 mentionem,
1088 1642 1149 1732 qni
1173 1643 1208 1710 in
1236 1642 1360 1731 vulgus
1372 1647 1456 1711 sunt
1468 1643 1564 1722 editi,

447 1765 611 1850 undecim
635 1765 814 1834 volumina
837 1766 1070 1856 epistularum
1094 1767 1140 1835 ab
1163 1766 1349 1836 consulatu
1362 1767 1439 1836 eius
1452 1788 1565 1856 usquo

446 1889 490 1959 ad
518 1896 716 1959 extremum
741 1898 882 1981 tempus
905 1890 949 1960 ad
974 1892 1131 1961 Atticum
1159 1892 1366 1977 missarum3
1389 1911 1480 1981 quae
1503 1893 1565 1981 qni

446 2015 549 2106 legat,
573 2036 642 2086 non
670 2017 822 2086 multum
843 2017 1018 2086 desideret
1031 2016 1211 2085 historiam
1226 1989 1427 2087 contextam
1441 2037 1562 2086 eorum

446 2142 679 2231 temporum.”

489 2265 567 2346 Quo
600 2266 677 2337 loco
712 2271 860 2357 apparet
894 2266 1065 2357 Nepotem
1090 2266 1184 2356 apud
1211 2267 1367 2335 Atticum
1391 2271 1563 2354 tempore,

447 2410 517 2480 quo
541 2391 680 2480 scripsit
703 2392 858 2477 (circiter
869 2412 899 2460 a.
913 2413 945 2460 a.
959 2390 1041 2460 Olrr.
1053 2411 1087 2459 n.
1100 2390 1155 2470 34,
1169 2389 1296 2459 Holm
1307 2410 1359 2458 an
1370 2390 1487 2458 n·Ste
1497 2411 1566 2458 rn-

448 2515 558 2604 kopl
585 2536 618 2605 p.
653 2513 724 2604 13),
747 2515 916 2585 ineditam
940 2515 1057 2585 adhuc
1081 2516 1141 2584 sed
1165 2521 1285 2585 tamen
1309 2515 1366 2604 pie
1389 2520 1564 2583 servatam

447 2639 687 2710 collectionem
712 2640 1023 2709 Ciceronianarum
1046 2640 1279 2731 epistularum
1311 2639 1445 2709 vidisse.
1470 2638 1565 2720 Quas

447 2785 529 2835 oum
564 2763 703 2834 Atticus
733 2784 803 2833 non
829 2764 979 2834 ediderit
993 2767 1034 2854 2),
1058 2785 1174 2854 neque
1197 2765 1426 2834 circumcisae
1450 2784 1564 2853 neque

447 2889 656 2958 emendatae
679 2889 724 2957 ad
750 2889 895 2958 heredes
916 2896 1164 2980 pervenerunt,
1177 2895 1213 2958 et
1225 2888 1270 2958 ab
1282 2910 1323 2958 eo
1335 2889 1491 2973 demum,
1504 2889 1566 2977 qui

447 3013 649 3104 publicavit,
675 3015 800 3083 ultima
826 3054 864 3063 -
891 3014 919 3082 si
945 3014 1051 3083 rerba
1074 3014 1220 3104 Nepotis
1245 3012 1435 3103 „usquead
1449 3020 1566 3082 extre·

448 3160 546 3208 mum
578 3139 739 3229 tempus'’
759 3139 815 3228 ‚ad
847 3139 1003 3208 litteram
1026 3129 1231 3228 accipienda
1253 3145 1338 3208 sunt
1360 3177 1405 3188 -
1428 3137 1566 3207 silentio

446 3285 567 3354 pressa
589 3269 683 3348 sunt,
704 3264 853 3334 fortasse
866 3265 950 3355 quia
964 3265 998 3334 in
1011 3265 1054 3333 iis
1067 3263 1180 3332 multa
1192 3263 1337 3331 liberius
1349 3262 1392 3331 de
1404 3262 1566 3350 Augusto

446 3391 541 3460 dicta
570 3395 682 3476 erant,
707 3411 798 3479 quae
822 3397 895 3460 tam
918 3391 985 3480 ipsi
1009 3410 1117 3480 quam
1141 3386 1403 3458 successoribus
1425 3387 1565 3476 ingrata

446 3521 573 3586 essent.
605 3515 763 3584 Atticum
794 3520 914 3584 autem
946 3515 1136 3583 editionem
1160 3533 1230 3582 non
1259 3530 1487 3601 praeparasse
1512 3511 1566 3578 his

446 3639 631 3710 evincitur.
655 3638 723 3720 Qui
748 3644 943 3729 portatam
968 3638 1146 3707 Ciceronis
1160 3637 1268 3705 vitam
1281 3636 1397 3705 famae
1414 3635 1565 3724 eiusup-

472 3946 516 4022 ·ll
558 3944 599 4006 Cl.
632 3943 1029 4023 llolmann·Sternlropl
1047 3941 1179 4022 llusgen
1202 3941 1295 4002 Briele
1316 3959 1372 4001 ron
1394 3941 1430 4001 ll.
1452 3939 1567 4002 'lullius

447 4060 557 4122 Cicero⁷
579 4060 673 4122 Berlin
696 4063 774 4123 1898
796 4079 822 4140 ρ.
846 4064 863 4122 t
885 4079 958 4140 sqq,
980 4059 1028 4121 Ba
1042 4059 1105 4121 rdt
1128 4059 1261 4138 llusgew.
1284 4057 1376 4119 llrielo
1391 4056 1565 4119 ausCicero·

447 4161 562 4238 nischer
583 4175 642 4238 Zeit
662 4175 778 4256 lcipzig
800 4179 878 4238 1898
900 4175 1087 4237 llomrnentnr
1107 4175 1119 4236 l
1141 4194 1166 4254 p.
1190 4175 1214 4234 V
1237 4192 1299 4253 sqq.

487 4293 518 4365 1)
558 4291 831 4354 Hom-Sterni.
865 4311 891 4372 p.
924 4294 972 4363 13,
1005 4291 1038 4352 0.
1070 4292 1103 4352 Ε.
1134 4289 1301 4353 Schmidt
1332 4289 1425 4350 Briele
1454 4288 1568 4350 Cicems

447 4405 562 4488 laipzig
583 4407 595 4468 l
617 4410 721 4486 (1901)
742 4428 770 4488 p.
793 4411 820 4470 8.
