3778 5488
886 712 954 781 223

355 935 436 983 cum
473 911 676 981 Sellario
708 912 758 1002 (p.
791 911 850 997 14)
873 911 989 990 oredo,
1013 913 1048 980 in
1073 910 1129 978 his
1149 909 1299 978 multum
1326 909 1475 978 valuisse

356 1037 437 1121 „the
474 1057 575 1106 sense
610 1037 650 1106 of
679 1035 858 1124 gratitudo
893 1036 948 1104 for
982 1035 1042 1104 the
1072 1039 1145 1103 rest
1175 1035 1243 1102 and
1276 1037 1474 1124 prosperity

352 1161 500 1250 enj0yed
537 1161 651 1230 under
686 1163 877 1250 Augustus,
911 1160 971 1229 the
1003 1158 1212 1228 admiration
1238 1158 1294 1228 for
1317 1159 1376 1227 the
1400 1159 1473 1227 real

352 1306 470 1374 power
505 1285 545 1354 of
563 1285 721 1356 intellect
743 1285 812 1354 and
837 1286 1023 1355 character
1047 1283 1161 1353 which
1189 1284 1291 1352 made
1317 1284 1387 1352 him
1412 1286 1472 1353 the

355 1417 444 1479 most
467 1410 661 1480 successful
685 1411 781 1479 ruler
803 1410 882 1480 that
905 1411 966 1480 the
992 1409 1100 1479 world
1126 1410 1189 1478 has
1212 1428 1295 1477 ever
1306 1428 1400 1494 seen,
1413 1409 1473 1478 the

351 1533 554 1604 confidence
576 1535 614 1603 in
637 1535 698 1603 the
724 1535 908 1604 unbrolren
932 1535 1020 1622 good
1044 1533 1184 1603 fortune
1198 1533 1311 1602 which
1327 1533 1470 1601 marked

350 1659 397 1727 all
423 1659 476 1727 his
499 1659 625 1727 earlier
648 1659 802 1728 career.'’
827 1659 950 1748 Neque
974 1659 1096 1747 negari
1120 1665 1245 1747 potest,
1264 1657 1378 1727 Ovidii
1394 1658 1472 1748 plus

350 1785 455 1852 etiam
481 1804 589 1873 quam
613 1784 763 1853 aliorum
787 1783 1036 1852 damnatorum
1060 1784 1275 1866 interfuisse,
1300 1790 1340 1852 ut
1364 1783 1470 1852 hene·

351 1907 538 1976 volentiam
566 1909 764 1998 principum
789 1907 855 1976 sibi
879 1907 1093 1991 conciliaret,
1114 1909 1313 1997 quippecui
1326 1911 1471 1997 gravius

349 2033 456 2101 etiam
481 2033 693 2124 supplicium
717 2033 903 2101 imminere
928 2032 1107 2101 videretur
1130 2032 1198 2120 (Of.
1220 2055 1252 2122 p.
1278 2032 1341 2101 111
1367 2038 1469 2123 sqq),

349 2177 455 2245 quem
481 2163 613 2225 metum
638 2156 807 2225 ostendit:

748 2291 804 2351 ogo
826 2273 960 2351 perditus
981 2291 1083 2333 ensem

547 2389 717 2448 Haeserunt
738 2388 842 2466 iugulo
865 2391 924 2448 iam
945 2393 1017 2467 puto
1038 2390 1158 2466 iamque
1180 2407 1253 2449 meo.

1162 2505 1223 2582 (Tr.
1246 2505 1261 2563 I
1284 2507 1350 2565 1.43
1371 2511 1428 2584 sq.)

546 2620 685 2699 quodque
706 2620 797 2697 dedit,
820 2640 888 2680 oum
907 2621 987 2681 volet
1008 2621 1071 2698 ipse
1093 2620 1177 2680 feret.

1200 2735 1252 2812 (n.
1275 2737 1366 2816 aas).
1389 2772 1425 2780 -

392 2841 465 2909 lam
491 2861 573 2910 vero
597 2842 641 2910 de
664 2841 834 2912 Seneca
859 2843 1050 2922 rideamne,
1076 2863 1182 2932 quem
1207 2842 1295 2910 tales
1318 2863 1466 2912 excusa-

347 2966 459 3034 tiones
480 2987 550 3035 non
577 2965 741 3034 habuisse
767 2987 845 3035 mox
871 2967 1065 3056 apparebit.

390 3090 520 3158 Rerum
556 3091 745 3179 scriptores
779 3095 939 3180 (excepto
973 3111 1045 3160 uno
1085 3090 1293 3160 Philostrato
1328 3093 1364 3160 in
1398 3093 1464 3162 Vit.

347 3214 458 3303 Apoll.
486 3215 511 3284 V
535 3214 578 3282 27
602 3221 638 3283 et
660 3215 719 3300 32)
742 3216 879 3285 Claudii
899 3217 1055 3305 corporis
1070 3217 1267 3305 mentisque
1280 3217 1466 3286 facultates

343 3346 416 3406 tam
444 3341 532 3408 atris
566 3340 741 3409 coloribus
773 3340 875 3410 nohis
901 3342 1147 3430 depinxerunt,
1173 3341 1321 3410 virtutes
1344 3347 1461 3410 autem

343 3503 387 3513 —
409 3465 498 3532 iuris
520 3475 554 3533 et
581 3464 745 3533 historiae
769 3475 874 3550 artes,
900 3465 1104 3555 popularem
1119 3465 1320 3534 civilitatem
1342 3465 1464 3553 (Leh-

344 3609 377 3656 m
388 3608 437 3655 an
450 3609 471 3655 n
491 3609 524 3679 p.
537 3586 603 3656 142
615 3591 707 3678 sqq.)
721 3595 951 3678 -tantopere
965 3590 999 3658 in
1013 3587 1202 3658 ridiculum
1219 3596 1410 3675 verterunt,
1425 3598 1464 3660 ut

342 3713 473 3781 iustum
500 3713 542 3780 de
561 3734 604 3781 eo
622 3713 794 3782 iudicium
807 3714 892 3783 ferri
905 3715 975 3783 iam
989 3721 1152 3803 nequeat.
1166 3714 1226 3783 Sin
1241 3721 1360 3782 autem
1373 3714 1462 3784 duce

341 3836 458 3925 aliquo
470 3858 513 3906 ex
527 3838 781 3907 recentioribus
796 3840 969 3908 historicis
982 3840 1075 3909 fecta
1088 3840 1218 3920 omnia,
1233 3859 1324 3927 quae
1334 3839 1461 3908 deeius

343 3981 450 4049 regno
473 3971 558 4032 nota
577 3973 670 4049 suut,
684 3974 849 4037 accurate
863 3970 1049 4058 perlustro,
1062 3988 1187 4036 sanum
1201 3974 1238 4036 et
1250 3967 1459 4056 prudentem

341 4095 524 4173 rectorem,
538 4093 700 4179 quamvis
711 4093 843 4180 ingenii
858 4093 989 4161 viribus
1002 4113 1116 4180 neque
1130 4092 1332 4180 Augustum
1345 4112 1460 4181 neque

343 4210 522 4281 Tiberium
558 4215 828 4305 adaequantem‚
862 4239 1052 4306 agnoscere
1085 4218 1169 4286 mihi
1203 4217 1323 4285 videor
1339 4219 1379 4300 1).
1416 4256 1461 4266 —

382 4376 411 4450 l)
453 4374 493 4434 Cf.
518 4375 595 4436 Ball
621 4377 669 4438 the
690 4377 781 4440 Satine
803 4379 836 4440 of
852 4367 957 4440 Seneca
979 4388 1031 4440 etc.
1054 4377 1249 4440 introduction
1279 4378 1299 4439 l.
