3792 5486
807 1903 1102 2014 CAPUT
1143 1901 1256 2008 VI.

947 2167 1100 2183 ΧΛΛΛΛΛΝᾺ

717 2379 794 2470 DE
839 2377 916 2468 RE
955 2372 1334 2472 FAMILIARI.

512 2634 659 2702 Romani
688 2632 833 2710 nobiles,
870 2631 971 2718 longe
1007 2630 1109 2699 aliter
1143 2635 1249 2718 atque
1286 2627 1456 2706 hodierni,
1479 2627 1522 2694 de
1546 2647 1586 2694 re

471 2759 674 2847 pecuniaria
699 2778 768 2825 non
792 2758 827 2824 in
854 2755 991 2825 occulto
1015 2755 1129 2822 solum
1154 2753 1212 2821 sed
1227 2754 1332 2821 etiam
1348 2752 1464 2842 palam
1480 2771 1584 2840 agere

467 2883 636 2952 solebant.
660 2882 700 2950 In
725 2881 884 2972 epistulis
907 2879 1361 2966 Cicerofrequentissime
1374 2897 1448 2944 rem
1462 2876 1586 2965 tangit,

466 3029 535 3078 non
563 3009 610 3075 ita
633 3013 751 3075 tamen
778 3012 818 3072 ut
841 3005 965 3090 quovis
989 3011 1146 3090 tempore
1171 3021 1310 3069 summa
1325 3001 1495 3069 bonorum
1510 3000 1586 3068 eius

467 3131 558 3202 effici
583 3133 699 3213 possit.
724 3128 823 3210 Quod
852 3131 980 3198 mirum
1005 3149 1075 3197 non
1100 3134 1163 3207 est,
1188 3129 1271 3216 quia
1295 3148 1339 3195 ne
1356 3129 1429 3216 ipse
1442 3127 1584 3215 quidem

467 3259 676 3346 plerumque
711 3255 854 3337 sciebat,
888 3260 1061 3343 quantum
1098 3254 1309 3343 possideret:
1345 3274 1418 3321 rem
1455 3250 1587 3320 seilicet

469 3383 614 3471 gerebat
648 3402 728 3450 cum
766 3379 962 3470 permultis,
998 3379 1148 3468 pecunia
1170 3379 1248 3447 aliis
1273 3385 1398 3446 mutua
1422 3377 1516 3456 data,
1541 3375 1586 3444 ab

466 3508 543 3575 aliis
586 3515 741 3594 accepta.
783 3505 1042 3573 Patrimonium
1083 3504 1116 3571 ei
1160 3504 1274 3571 minor
1308 3522 1391 3590 pars
1425 3509 1503 3570 erat
1537 3502 1587 3568 rei

466 3630 650 3699 familiaris
684 3629 763 3718 (Dio
798 3628 958 3716 38203),
989 3648 1080 3719 quae
1115 3627 1245 3717 quibus
1282 3626 1393 3695 modis
1428 3625 1587 3698 creverit,

466 3754 607 3822 difficile
643 3754 737 3823 dictu
774 3762 838 3821 est.
874 3753 937 3821 Dio
972 3752 1051 3840 (1.1.)
1086 3752 1236 3820 fortasse
1271 3771 1346 3820 rem
1382 3772 1449 3820 acu
1474 3750 1588 3838 tetigit

467 3878 693 3963 contendens,
730 3899 812 3947 eum
847 3878 1033 3968 plerasque
1067 3876 1254 3945 facultates
1277 3876 1397 3965 lingua
1421 3874 1588 3944 orationi·

469 4003 604 4092 busque
629 4005 823 4092 peperisse3
848 4023 941 4086 nam,
959 4022 1177 4092 quamquam
1191 4001 1267 4090 lege
1280 4000 1399 4070 Ginaia
1412 4000 1586 4068 sancitum

467 4135 554 4208 erat,
589 4149 634 4195 ne
669 4128 749 4215 quis
783 4127 875 4195 dona
906 4134 968 4196 aut
1001 4147 1149 4196 munera
1180 4125 1225 4192 ob
1248 4145 1391 4194 causam
1417 4124 1588 4193 orandam

467 4259 618 4341 caperet,
656 4251 751 4320 nullo
788 4251 890 4319 modo
925 4251 1087 4341 impediri
1112 4251 1236 4340 potuit,
1260 4252 1407 4337 nequis
1432 4256 1589 4338 patrono,

470 4378 499 4446 si
534 4379 635 4446 aliter·
671 4377 746 4444 fieri
780 4398 850 4444 non
887 4382 1016 4465 posset,
1052 4395 1114 4466 per
1149 4381 1401 4444 testamentum
1436 4374 1589 4462 gratiam
