<?xml version="1.0" encoding="UTF-8"?>
<!DOCTYPE html PUBLIC "-//W3C//DTD XHTML 1.0 Transitional//EN"
    "http://www.w3.org/TR/xhtml1/DTD/xhtml1-transitional.dtd">
<html xmlns="http://www.w3.org/1999/xhtml" xml:lang="en" lang="en">
 <head>
  <title>
</title>
<meta http-equiv="Content-Type" content="text/html;charset=utf-8" />
  <meta name='ocr-system' content='tesseract 3.04.00' />
  <meta name='ocr-capabilities' content='ocr_page ocr_carea ocr_par ocr_line ocrx_word'/>
</head>
<body>
  <div class='ocr_page' id='page_1' title='image "./exulumtriassive00leopgoog_0271.png"; bbox 0 0 3778 5488; ppageno 0'>
   <div class='ocr_carea' id='block_1_1' title="bbox 957 735 1024 804">
    <p class='ocr_par' dir='ltr' id='par_1_1' title="bbox 957 735 1024 804">
     <span class='ocr_line' id='line_1_1' title="bbox 957 735 1024 804; baseline 0 0"><span class='ocrx_word' id='word_1_1' title='bbox 957 735 1024 804; x_wconf 74' lang='lat'><strong>258</strong></span> 
     </span>
    </p>
   </div>
   <div class='ocr_carea' id='block_1_2' title="bbox 429 932 1552 3879">
    <p class='ocr_par' dir='ltr' id='par_1_2' title="bbox 429 932 1552 3879">
     <span class='ocr_line' id='line_1_2' title="bbox 434 932 1551 1022; baseline 0.001 -22"><span class='ocrx_word' id='word_1_2' title='bbox 434 933 618 1012; x_wconf 89' lang='lat' dir='ltr'><strong>recusavit,</strong></span> <span class='ocrx_word' id='word_1_3' title='bbox 638 933 747 1001; x_wconf 92' lang='lat' dir='ltr'><strong>immo</strong></span> <span class='ocrx_word' id='word_1_4' title='bbox 766 932 809 1001; x_wconf 88' lang='lat' dir='ltr'><strong>ad</strong></span> <span class='ocrx_word' id='word_1_5' title='bbox 833 933 1048 1002; x_wconf 84' lang='lat' dir='ltr'><strong>humillimas</strong></span> <span class='ocrx_word' id='word_1_6' title='bbox 1070 934 1394 1022; x_wconf 87' lang='lat' dir='ltr'><strong>precesdescendit,</strong></span> <span class='ocrx_word' id='word_1_7' title='bbox 1407 941 1448 1002; x_wconf 89' lang='lat' dir='ltr'><strong>ut</strong></span> <span class='ocrx_word' id='word_1_8' title='bbox 1461 934 1551 1002; x_wconf 79' lang='lat' dir='ltr'><strong>vitae</strong></span> 
     </span>
     <span class='ocr_line' id='line_1_3' title="bbox 433 1056 1551 1148; baseline 0.001 -23"><span class='ocrx_word' id='word_1_9' title='bbox 433 1056 589 1126; x_wconf 82' lang='lat' dir='ltr'><strong>urbanae</strong></span> <span class='ocrx_word' id='word_1_10' title='bbox 610 1059 858 1147; x_wconf 82' lang='lat' dir='ltr'><strong>occupationes</strong></span> <span class='ocrx_word' id='word_1_11' title='bbox 880 1058 1143 1128; x_wconf 88' lang='lat' dir='ltr'><strong>molestissimas</strong></span> <span class='ocrx_word' id='word_1_12' title='bbox 1157 1059 1224 1128; x_wconf 92' lang='lat' dir='ltr'><strong>sibi</strong></span> <span class='ocrx_word' id='word_1_13' title='bbox 1236 1059 1352 1128; x_wconf 88' lang='lat' dir='ltr'><strong>denuo</strong></span> <span class='ocrx_word' id='word_1_14' title='bbox 1365 1080 1551 1148; x_wconf 87' lang='lat' dir='ltr'><strong>compara·</strong></span> 
     </span>
     <span class='ocr_line' id='line_1_4' title="bbox 433 1181 1552 1274; baseline 0.002 -24"><span class='ocrx_word' id='word_1_15' title='bbox 433 1188 497 1250; x_wconf 89' lang='lat' dir='ltr'><strong>ret.</strong></span> <span class='ocrx_word' id='word_1_16' title='bbox 518 1181 619 1263; x_wconf 87' lang='lat' dir='ltr'><strong>Quod</strong></span> <span class='ocrx_word' id='word_1_17' title='bbox 640 1191 757 1250; x_wconf 79' lang='lat' dir='ltr'><strong>tamen</strong></span> <span class='ocrx_word' id='word_1_18' title='bbox 781 1204 850 1249; x_wconf 93' lang='lat' dir='ltr'><strong>non</strong></span> <span class='ocrx_word' id='word_1_19' title='bbox 871 1183 1029 1272; x_wconf 88' lang='lat' dir='ltr'><strong>impedit,</strong></span> <span class='ocrx_word' id='word_1_20' title='bbox 1050 1185 1240 1273; x_wconf 91' lang='lat' dir='ltr'><strong>quominus</strong></span> <span class='ocrx_word' id='word_1_21' title='bbox 1252 1185 1295 1253; x_wconf 86' lang='lat' dir='ltr'><strong>ad</strong></span> <span class='ocrx_word' id='word_1_22' title='bbox 1310 1184 1494 1274; x_wconf 87' lang='lat' dir='ltr'><strong>Polybium</strong></span> <span class='ocrx_word' id='word_1_23' title='bbox 1508 1184 1552 1252; x_wconf 92' lang='lat' dir='ltr'><strong>de</strong></span> 
     </span>
     <span class='ocr_line' id='line_1_5' title="bbox 433 1307 1552 1398; baseline 0.003 -24"><span class='ocrx_word' id='word_1_24' title='bbox 433 1308 690 1376; x_wconf 87' lang='lat' dir='ltr'><strong>contemnenda</strong></span> <span class='ocrx_word' id='word_1_25' title='bbox 701 1313 812 1376; x_wconf 87' lang='lat' dir='ltr'><strong>morte</strong></span> <span class='ocrx_word' id='word_1_26' title='bbox 826 1307 937 1376; x_wconf 86' lang='lat' dir='ltr'><strong>multa</strong></span> <span class='ocrx_word' id='word_1_27' title='bbox 950 1309 1116 1377; x_wconf 79' lang='lat' dir='ltr'><strong>disserat:</strong></span> <span class='ocrx_word' id='word_1_28' title='bbox 1130 1309 1190 1392; x_wconf 90' lang='lat' dir='ltr'><strong>,‚ln</strong></span> <span class='ocrx_word' id='word_1_29' title='bbox 1203 1311 1268 1378; x_wconf 89' lang='lat' dir='ltr'><strong>hoo</strong></span> <span class='ocrx_word' id='word_1_30' title='bbox 1276 1316 1349 1378; x_wconf 84' lang='lat' dir='ltr'><strong>tam</strong></span> <span class='ocrx_word' id='word_1_31' title='bbox 1361 1308 1552 1398; x_wconf 88' lang='lat' dir='ltr'><strong>procelloso</strong></span> 
     </span>
     <span class='ocr_line' id='line_1_6' title="bbox 432 1430 1552 1522; baseline 0.002 -25"><span class='ocrx_word' id='word_1_32' title='bbox 432 1438 467 1497; x_wconf 90' lang='lat' dir='ltr'><strong>et</strong></span> <span class='ocrx_word' id='word_1_33' title='bbox 478 1430 514 1497; x_wconf 93' lang='lat' dir='ltr'><strong>in</strong></span> <span class='ocrx_word' id='word_1_34' title='bbox 529 1450 651 1499; x_wconf 87' lang='lat' dir='ltr'><strong>omnes</strong></span> <span class='ocrx_word' id='word_1_35' title='bbox 664 1439 891 1520; x_wconf 84' lang='lat' dir='ltr'><strong>tempestates</strong></span> <span class='ocrx_word' id='word_1_36' title='bbox 902 1433 1059 1521; x_wconf 87' lang='lat' dir='ltr'><strong>exposito</strong></span> <span class='ocrx_word' id='word_1_37' title='bbox 1075 1435 1162 1502; x_wconf 88' lang='lat' dir='ltr'><strong>mari</strong></span> <span class='ocrx_word' id='word_1_38' title='bbox 1176 1431 1552 1522; x_wconf 80' lang='lat' dir='ltr'><strong>navigantibusnullus</strong></span> 
     </span>
     <span class='ocr_line' id='line_1_7' title="bbox 432 1555 1551 1644; baseline 0.002 -22"><span class='ocrx_word' id='word_1_39' title='bbox 432 1561 556 1644; x_wconf 81' lang='lat' dir='ltr'><strong>portus</strong></span> <span class='ocrx_word' id='word_1_40' title='bbox 580 1556 646 1624; x_wconf 91' lang='lat' dir='ltr'><strong>nisi</strong></span> <span class='ocrx_word' id='word_1_41' title='bbox 672 1557 793 1623; x_wconf 88' lang='lat' dir='ltr'><strong>mortis</strong></span> <span class='ocrx_word' id='word_1_42' title='bbox 816 1564 870 1624; x_wconf 91' lang='lat' dir='ltr'><strong>est</strong></span> <span class='ocrx_word' id='word_1_43' title='bbox 893 1555 989 1642; x_wconf 85' lang='grc'>(9.7),</span> <span class='ocrx_word' id='word_1_44' title='bbox 1003 1558 1157 1625; x_wconf 88' lang='lat' dir='ltr'><strong>restituit</strong></span> <span class='ocrx_word' id='word_1_45' title='bbox 1171 1577 1266 1626; x_wconf 92' lang='lat' dir='ltr'><strong>mors</strong></span> <span class='ocrx_word' id='word_1_46' title='bbox 1276 1558 1312 1625; x_wconf 92' lang='lat' dir='ltr'><strong>in</strong></span> <span class='ocrx_word' id='word_1_47' title='bbox 1326 1578 1408 1625; x_wconf 89' lang='lat' dir='ltr'><strong>eum</strong></span> <span class='ocrx_word' id='word_1_48' title='bbox 1423 1557 1551 1640; x_wconf 90' lang='lat' dir='ltr'><strong>locum,</strong></span> 
     </span>
     <span class='ocr_line' id='line_1_8' title="bbox 432 1681 1551 1772; baseline 0.001 -24"><span class='ocrx_word' id='word_1_49' title='bbox 432 1681 466 1748; x_wconf 95' lang='lat' dir='ltr'><strong>in</strong></span> <span class='ocrx_word' id='word_1_50' title='bbox 499 1701 569 1770; x_wconf 89' lang='lat' dir='ltr'><strong>quo</strong></span> <span class='ocrx_word' id='word_1_51' title='bbox 593 1681 672 1770; x_wconf 89' lang='lat' dir='ltr'><strong>quis</strong></span> <span class='ocrx_word' id='word_1_52' title='bbox 695 1681 762 1748; x_wconf 82' lang='lat' dir='ltr'><strong>luit</strong></span> <span class='ocrx_word' id='word_1_53' title='bbox 786 1687 976 1764; x_wconf 79' lang='lat' dir='ltr'>antequam</span> <span class='ocrx_word' id='word_1_54' title='bbox 1002 1688 1207 1752; x_wconf 86' lang='lat' dir='ltr'><strong>nasceretur</strong></span> <span class='ocrx_word' id='word_1_55' title='bbox 1231 1681 1292 1772; x_wconf 93' lang='lat' dir='ltr'><strong>(ib.</strong></span> <span class='ocrx_word' id='word_1_56' title='bbox 1316 1683 1365 1771; x_wconf 76' lang='lat'><strong>2),</strong></span> <span class='ocrx_word' id='word_1_57' title='bbox 1390 1682 1551 1770; x_wconf 88' lang='lat' dir='ltr'><strong>quisquis</strong></span> 
     </span>
     <span class='ocr_line' id='line_1_9' title="bbox 431 1805 1551 1895; baseline -0.002 -21"><span class='ocrx_word' id='word_1_58' title='bbox 431 1805 473 1874; x_wconf 91' lang='lat' dir='ltr'><strong>ad</strong></span> <span class='ocrx_word' id='word_1_59' title='bbox 501 1807 608 1874; x_wconf 86' lang='lat' dir='ltr'><strong>vitam</strong></span> <span class='ocrx_word' id='word_1_60' title='bbox 632 1807 759 1890; x_wconf 86' lang='lat' dir='ltr'><strong>editur,</strong></span> <span class='ocrx_word' id='word_1_61' title='bbox 783 1806 827 1874; x_wconf 88' lang='lat' dir='ltr'><strong>ad</strong></span> <span class='ocrx_word' id='word_1_62' title='bbox 853 1814 1001 1875; x_wconf 85' lang='lat' dir='ltr'><strong>mortem</strong></span> <span class='ocrx_word' id='word_1_63' title='bbox 1026 1806 1225 1876; x_wconf 88' lang='lat' dir='ltr'><strong>destinatur</strong></span> <span class='ocrx_word' id='word_1_64' title='bbox 1248 1806 1366 1895; x_wconf 83' lang='grc'>(11.3),</span> <span class='ocrx_word' id='word_1_65' title='bbox 1391 1814 1465 1874; x_wconf 87' lang='lat' dir='ltr'><strong>tota</strong></span> <span class='ocrx_word' id='word_1_66' title='bbox 1481 1807 1551 1873; x_wconf 79' lang='lat' dir='ltr'><strong>vita</strong></span> 
     </span>
     <span class='ocr_line' id='line_1_10' title="bbox 431 1929 1426 2020; baseline 0.003 -23"><span class='ocrx_word' id='word_1_67' title='bbox 431 1929 519 1998; x_wconf 91' lang='lat' dir='ltr'><strong>nihil</strong></span> <span class='ocrx_word' id='word_1_68' title='bbox 541 1930 636 2000; x_wconf 87' lang='lat' dir='ltr'><strong>aliud</strong></span> <span class='ocrx_word' id='word_1_69' title='bbox 661 1951 767 2020; x_wconf 88' lang='lat' dir='ltr'><strong>quam</strong></span> <span class='ocrx_word' id='word_1_70' title='bbox 793 1929 837 1998; x_wconf 90' lang='lat' dir='ltr'><strong>ad</strong></span> <span class='ocrx_word' id='word_1_71' title='bbox 862 1938 1010 1999; x_wconf 89' lang='lat' dir='ltr'><strong>mortem</strong></span> <span class='ocrx_word' id='word_1_72' title='bbox 1036 1933 1103 2000; x_wconf 88' lang='lat' dir='ltr'><strong>iter</strong></span> <span class='ocrx_word' id='word_1_73' title='bbox 1129 1937 1183 2000; x_wconf 82' lang='lat' dir='ltr'><strong>est</strong></span> <span class='ocrx_word' id='word_1_74' title='bbox 1206 1930 1266 2020; x_wconf 90' lang='lat' dir='ltr'><strong>(ib.</strong></span> <span class='ocrx_word' id='word_1_75' title='bbox 1291 1932 1360 2017; x_wconf 78' lang='lat'><strong>2).’&#39;</strong></span> <span class='ocrx_word' id='word_1_76' title='bbox 1387 1970 1426 1980; x_wconf 93' lang='lat'><em>-</em></span> 
     </span>
     <span class='ocr_line' id='line_1_11' title="bbox 475 2029 1550 2145; baseline -0.002 -21"><span class='ocrx_word' id='word_1_77' title='bbox 475 2054 597 2124; x_wconf 80' lang='lat' dir='ltr'><strong>Cicero</strong></span> <span class='ocrx_word' id='word_1_78' title='bbox 621 2055 729 2143; x_wconf 82' lang='lat' dir='ltr'><strong>igitur</strong></span> <span class='ocrx_word' id='word_1_79' title='bbox 752 2062 787 2123; x_wconf 86' lang='lat' dir='ltr'><strong>et</strong></span> <span class='ocrx_word' id='word_1_80' title='bbox 811 2029 967 2138; x_wconf 88' lang='lat' dir='ltr'><strong>Ovidius,</strong></span> <span class='ocrx_word' id='word_1_81' title='bbox 991 2057 1154 2145; x_wconf 85' lang='lat' dir='ltr'><strong>quamvis</strong></span> <span class='ocrx_word' id='word_1_82' title='bbox 1173 2057 1263 2125; x_wconf 87' lang='lat' dir='ltr'><strong>vitae</strong></span> <span class='ocrx_word' id='word_1_83' title='bbox 1275 2055 1492 2145; x_wconf 89' lang='lat' dir='ltr'><strong>cupidissimi</strong></span> <span class='ocrx_word' id='word_1_84' title='bbox 1510 2056 1550 2143; x_wconf 89' lang='lat'><strong>¹),</strong></span> 
     </span>
     <span class='ocr_line' id='line_1_12' title="bbox 431 2178 1550 2265; baseline 0 -19"><span class='ocrx_word' id='word_1_85' title='bbox 431 2179 580 2247; x_wconf 86' lang='lat' dir='ltr'><strong>aliorum</strong></span> <span class='ocrx_word' id='word_1_86' title='bbox 607 2178 770 2247; x_wconf 91' lang='lat' dir='ltr'><strong>manibus</strong></span> <span class='ocrx_word' id='word_1_87' title='bbox 793 2201 814 2247; x_wconf 84' lang='lat' dir='ltr'><strong>a</strong></span> <span class='ocrx_word' id='word_1_88' title='bbox 840 2187 951 2248; x_wconf 88' lang='lat' dir='ltr'><strong>morte</strong></span> <span class='ocrx_word' id='word_1_89' title='bbox 971 2181 1145 2250; x_wconf 90' lang='lat' dir='ltr'><strong>retinendi</strong></span> <span class='ocrx_word' id='word_1_90' title='bbox 1165 2180 1275 2265; x_wconf 84' lang='lat' dir='ltr'><strong>luere,</strong></span> <span class='ocrx_word' id='word_1_91' title='bbox 1292 2180 1455 2248; x_wconf 86' lang='lat' dir='ltr'><strong>laudator</strong></span> <span class='ocrx_word' id='word_1_92' title='bbox 1469 2198 1550 2247; x_wconf 89' lang='lat' dir='ltr'><strong>vero</strong></span> 
     </span>
     <span class='ocr_line' id='line_1_13' title="bbox 430 2301 1551 2391; baseline 0 -21"><span class='ocrx_word' id='word_1_93' title='bbox 430 2322 566 2386; x_wconf 88' lang='lat' dir='ltr'><strong>eorum,</strong></span> <span class='ocrx_word' id='word_1_94' title='bbox 578 2303 639 2391; x_wconf 90' lang='lat' dir='ltr'><strong>qui</strong></span> <span class='ocrx_word' id='word_1_95' title='bbox 654 2309 803 2371; x_wconf 88' lang='lat' dir='ltr'><strong>mortem</strong></span> <span class='ocrx_word' id='word_1_96' title='bbox 812 2303 878 2371; x_wconf 87' lang='lat' dir='ltr'><strong>sibi</strong></span> <span class='ocrx_word' id='word_1_97' title='bbox 887 2301 1551 2386; x_wconf 83' lang='lat' dir='ltr'><strong>consciverant,deaemulandisexem·</strong></span> 
     </span>
     <span class='ocr_line' id='line_1_14' title="bbox 432 2425 1549 2516; baseline -0.001 -23"><span class='ocrx_word' id='word_1_98' title='bbox 432 2425 1549 2516; x_wconf 84' lang='lat' dir='ltr'><strong>plisnecogitavitquidem.Senecam,cumadulescensetsenex,</strong></span> 
     </span>
     <span class='ocr_line' id='line_1_15' title="bbox 430 2550 1548 2640; baseline 0 -24"><span class='ocrx_word' id='word_1_99' title='bbox 430 2555 513 2617; x_wconf 88' lang='lat' dir='ltr'><strong>ante</strong></span> <span class='ocrx_word' id='word_1_100' title='bbox 536 2556 573 2617; x_wconf 88' lang='lat' dir='ltr'><strong>et</strong></span> <span class='ocrx_word' id='word_1_101' title='bbox 596 2558 674 2639; x_wconf 91' lang='lat' dir='ltr'><strong>post</strong></span> <span class='ocrx_word' id='word_1_102' title='bbox 697 2559 859 2640; x_wconf 86' lang='lat' dir='ltr'><strong>acceptos</strong></span> <span class='ocrx_word' id='word_1_103' title='bbox 873 2550 1032 2634; x_wconf 82' lang='lat' dir='ltr'><strong>honores,</strong></span> <span class='ocrx_word' id='word_1_104' title='bbox 1045 2553 1080 2618; x_wconf 93' lang='lat' dir='ltr'><strong>in</strong></span> <span class='ocrx_word' id='word_1_105' title='bbox 1099 2552 1188 2619; x_wconf 86' lang='lat' dir='ltr'><strong>vitae</strong></span> <span class='ocrx_word' id='word_1_106' title='bbox 1202 2551 1336 2619; x_wconf 82' lang='lat' dir='ltr'><strong>tatione</strong></span> <span class='ocrx_word' id='word_1_107' title='bbox 1349 2550 1548 2638; x_wconf 87' lang='lat' dir='ltr'><strong>sapientum</strong></span> 
     </span>
     <span class='ocr_line' id='line_1_16' title="bbox 431 2671 1549 2764; baseline -0.001 -24"><span class='ocrx_word' id='word_1_108' title='bbox 431 2675 627 2763; x_wconf 76' lang='lat' dir='ltr'><strong>praeceptis</strong></span> <span class='ocrx_word' id='word_1_109' title='bbox 662 2673 806 2763; x_wconf 91' lang='lat' dir='ltr'><strong>obsequi</strong></span> <span class='ocrx_word' id='word_1_110' title='bbox 842 2675 988 2759; x_wconf 80' lang='lat' dir='ltr'><strong>studuit,</strong></span> <span class='ocrx_word' id='word_1_111' title='bbox 1020 2675 1131 2743; x_wconf 88' lang='lat' dir='ltr'><strong>virum</strong></span> <span class='ocrx_word' id='word_1_112' title='bbox 1157 2676 1241 2764; x_wconf 91' lang='lat' dir='ltr'><strong>ipsis</strong></span> <span class='ocrx_word' id='word_1_113' title='bbox 1264 2675 1333 2742; x_wconf 90' lang='lat' dir='ltr'><strong>illis</strong></span> <span class='ocrx_word' id='word_1_114' title='bbox 1357 2671 1549 2742; x_wconf 70' lang='lat' dir='ltr'><strong>honoribus</strong></span> 
     </span>
     <span class='ocr_line' id='line_1_17' title="bbox 430 2796 1546 2887; baseline -0.002 -22"><span class='ocrx_word' id='word_1_115' title='bbox 430 2799 603 2866; x_wconf 76' lang='lat' dir='ltr'><strong>serviliter</strong></span> <span class='ocrx_word' id='word_1_116' title='bbox 637 2804 786 2887; x_wconf 89' lang='lat' dir='ltr'><strong>apparet</strong></span> <span class='ocrx_word' id='word_1_117' title='bbox 808 2797 916 2866; x_wconf 86' lang='lat' dir='ltr'><strong>fuisse</strong></span> <span class='ocrx_word' id='word_1_118' title='bbox 939 2797 1142 2867; x_wconf 88' lang='lat' dir='ltr'><strong>obnoxium.</strong></span> <span class='ocrx_word' id='word_1_119' title='bbox 1167 2799 1294 2867; x_wconf 87' lang='lat' dir='ltr'><strong>Utrum</strong></span> <span class='ocrx_word' id='word_1_120' title='bbox 1320 2807 1398 2886; x_wconf 90' lang='lat' dir='ltr'><strong>post</strong></span> <span class='ocrx_word' id='word_1_121' title='bbox 1422 2796 1546 2885; x_wconf 92' lang='lat' dir='ltr'><strong>despe-</strong></span> 
     </span>
     <span class='ocr_line' id='line_1_18' title="bbox 431 2921 1546 3010; baseline -0.002 -20"><span class='ocrx_word' id='word_1_122' title='bbox 431 2923 614 3005; x_wconf 82' lang='lat' dir='ltr'><strong>rationem,</strong></span> <span class='ocrx_word' id='word_1_123' title='bbox 637 2924 739 2991; x_wconf 89' lang='lat' dir='ltr'><strong>cuius</strong></span> <span class='ocrx_word' id='word_1_124' title='bbox 761 2921 900 2990; x_wconf 85' lang='lat' dir='ltr'><strong>fructus</strong></span> <span class='ocrx_word' id='word_1_125' title='bbox 924 2922 992 2990; x_wconf 86' lang='lat' dir='ltr'><strong>suit</strong></span> <span class='ocrx_word' id='word_1_126' title='bbox 1015 2922 1154 2992; x_wconf 89' lang='lat' dir='ltr'><strong>libellus</strong></span> <span class='ocrx_word' id='word_1_127' title='bbox 1177 2923 1221 2991; x_wconf 90' lang='lat' dir='ltr'><strong>ad</strong></span> <span class='ocrx_word' id='word_1_128' title='bbox 1238 2921 1435 3010; x_wconf 87' lang='lat' dir='ltr'><strong>Polybium,</strong></span> <span class='ocrx_word' id='word_1_129' title='bbox 1448 2941 1546 3010; x_wconf 90' lang='lat' dir='ltr'><strong>spem</strong></span> 
     </span>
     <span class='ocr_line' id='line_1_19' title="bbox 430 3045 1547 3136; baseline -0.003 -21"><span class='ocrx_word' id='word_1_130' title='bbox 430 3047 584 3136; x_wconf 85' lang='lat' dir='ltr'><strong>aliquam</strong></span> <span class='ocrx_word' id='word_1_131' title='bbox 621 3047 841 3135; x_wconf 84' lang='lat' dir='ltr'><strong>recuperarit</strong></span> <span class='ocrx_word' id='word_1_132' title='bbox 874 3067 919 3114; x_wconf 88' lang='lat' dir='ltr'><strong>an</strong></span> <span class='ocrx_word' id='word_1_133' title='bbox 950 3047 1076 3114; x_wconf 85' lang='lat' dir='ltr'><strong>studiis</strong></span> <span class='ocrx_word' id='word_1_134' title='bbox 1100 3047 1263 3136; x_wconf 77' lang='lat' dir='ltr'><strong>physiciS,</strong></span> <span class='ocrx_word' id='word_1_135' title='bbox 1288 3045 1547 3135; x_wconf 84' lang='lat' dir='ltr'><strong>philosophicis,</strong></span> 
     </span>
     <span class='ocr_line' id='line_1_20' title="bbox 433 3170 1546 3258; baseline -0.003 -19"><span class='ocrx_word' id='word_1_136' title='bbox 433 3171 575 3258; x_wconf 89' lang='lat' dir='ltr'><strong>poeticis</strong></span> <span class='ocrx_word' id='word_1_137' title='bbox 598 3171 719 3257; x_wconf 71' lang='lat' dir='ltr'><strong>longas</strong></span> <span class='ocrx_word' id='word_1_138' title='bbox 745 3171 849 3238; x_wconf 84' lang='lat' dir='ltr'><strong>horas</strong></span> <span class='ocrx_word' id='word_1_139' title='bbox 872 3170 994 3238; x_wconf 81' lang='lat' dir='ltr'><strong>fallere</strong></span> <span class='ocrx_word' id='word_1_140' title='bbox 1018 3177 1165 3239; x_wconf 86' lang='lat' dir='ltr'><strong>conatus</strong></span> <span class='ocrx_word' id='word_1_141' title='bbox 1177 3171 1222 3237; x_wconf 91' lang='lat' dir='ltr'><strong>sit</strong></span> <span class='ocrx_word' id='word_1_142' title='bbox 1234 3190 1279 3238; x_wconf 86' lang='lat' dir='ltr'><strong>an</strong></span> <span class='ocrx_word' id='word_1_143' title='bbox 1295 3177 1392 3238; x_wconf 91' lang='lat' dir='ltr'><strong>muto</strong></span> <span class='ocrx_word' id='word_1_144' title='bbox 1405 3178 1546 3258; x_wconf 90' lang='lat' dir='ltr'><strong>torpore</strong></span> 
     </span>
     <span class='ocr_line' id='line_1_21' title="bbox 429 3292 1549 3382; baseline -0.002 -20"><span class='ocrx_word' id='word_1_145' title='bbox 429 3314 541 3362; x_wconf 90' lang='lat' dir='ltr'><strong>annos</strong></span> <span class='ocrx_word' id='word_1_146' title='bbox 563 3295 672 3380; x_wconf 82' lang='lat' dir='ltr'><strong>egerit</strong></span> <span class='ocrx_word' id='word_1_147' title='bbox 687 3295 797 3362; x_wconf 87' lang='lat' dir='ltr'><strong>donec</strong></span> <span class='ocrx_word' id='word_1_148' title='bbox 810 3293 854 3361; x_wconf 87' lang='lat' dir='ltr'><strong>ad</strong></span> <span class='ocrx_word' id='word_1_149' title='bbox 868 3314 1009 3362; x_wconf 89' lang='lat' dir='ltr'><strong>summa</strong></span> <span class='ocrx_word' id='word_1_150' title='bbox 1021 3295 1159 3382; x_wconf 89' lang='lat' dir='ltr'><strong>imperii</strong></span> <span class='ocrx_word' id='word_1_151' title='bbox 1177 3303 1319 3363; x_wconf 87' lang='lat' dir='ltr'><strong>vocatus</strong></span> <span class='ocrx_word' id='word_1_152' title='bbox 1330 3298 1386 3361; x_wconf 89' lang='lat' dir='ltr'><strong>est</strong></span> <span class='ocrx_word' id='word_1_153' title='bbox 1397 3292 1549 3382; x_wconf 77' lang='lat' dir='ltr'><strong>fastigia,</strong></span> 
     </span>
     <span class='ocr_line' id='line_1_22' title="bbox 431 3417 1549 3507; baseline -0.001 -23"><span class='ocrx_word' id='word_1_154' title='bbox 431 3419 624 3500; x_wconf 89' lang='lat' dir='ltr'><strong>nescimus;</strong></span> <span class='ocrx_word' id='word_1_155' title='bbox 648 3418 708 3485; x_wconf 89' lang='lat' dir='ltr'><strong>sed</strong></span> <span class='ocrx_word' id='word_1_156' title='bbox 733 3417 996 3488; x_wconf 79' lang='lat' dir='ltr'><strong>consolationes</strong></span> <span class='ocrx_word' id='word_1_157' title='bbox 1020 3418 1121 3502; x_wconf 88' lang='lat' dir='ltr'><strong>duae,</strong></span> <span class='ocrx_word' id='word_1_158' title='bbox 1139 3424 1424 3507; x_wconf 78' lang='lat' dir='ltr'><strong>quantamquam</strong></span> <span class='ocrx_word' id='word_1_159' title='bbox 1439 3417 1549 3484; x_wconf 90' lang='lat' dir='ltr'><strong>animi</strong></span> 
     </span>
     <span class='ocr_line' id='line_1_23' title="bbox 429 3541 1548 3632; baseline 0 -24"><span class='ocrx_word' id='word_1_160' title='bbox 429 3541 506 3608; x_wconf 89' lang='lat' dir='ltr'><strong>eius</strong></span> <span class='ocrx_word' id='word_1_161' title='bbox 528 3541 742 3609; x_wconf 88' lang='lat' dir='ltr'><strong>documenta</strong></span> <span class='ocrx_word' id='word_1_162' title='bbox 758 3542 942 3626; x_wconf 69' lang='lat' dir='ltr'><strong>habemus</strong></span> <span class='ocrx_word' id='word_1_163' title='bbox 955 3543 1040 3611; x_wconf 88' lang='lat' dir='ltr'><strong>satis</strong></span> <span class='ocrx_word' id='word_1_164' title='bbox 1052 3562 1229 3632; x_wconf 89' lang='lat' dir='ltr'><strong>superque</strong></span> <span class='ocrx_word' id='word_1_165' title='bbox 1242 3548 1429 3624; x_wconf 84' lang='lat' dir='ltr'><strong>testantur,</strong></span> <span class='ocrx_word' id='word_1_166' title='bbox 1442 3541 1548 3609; x_wconf 89' lang='lat' dir='ltr'><strong>etiam</strong></span> 
     </span>
     <span class='ocr_line' id='line_1_24' title="bbox 430 3663 1549 3755; baseline 0.001 -24"><span class='ocrx_word' id='word_1_167' title='bbox 430 3663 526 3732; x_wconf 83' lang='lat' dir='ltr'><strong>eruli</strong></span> <span class='ocrx_word' id='word_1_168' title='bbox 550 3664 703 3733; x_wconf 84' lang='lat' dir='ltr'><strong>Senecae</strong></span> <span class='ocrx_word' id='word_1_169' title='bbox 727 3665 875 3749; x_wconf 87' lang='lat' dir='ltr'><strong>„studiis</strong></span> <span class='ocrx_word' id='word_1_170' title='bbox 898 3686 1006 3755; x_wconf 85' lang='lat' dir='ltr'><strong>quem</strong></span> <span class='ocrx_word' id='word_1_171' title='bbox 1032 3667 1182 3735; x_wconf 86' lang='lat' dir='ltr'><strong>maxime</strong></span> <span class='ocrx_word' id='word_1_172' title='bbox 1208 3667 1312 3736; x_wconf 85' lang='lat' dir='ltr'><strong>variis</strong></span> <span class='ocrx_word' id='word_1_173' title='bbox 1335 3687 1377 3736; x_wconf 87' lang='lat' dir='ltr'><strong>ac</strong></span> <span class='ocrx_word' id='word_1_174' title='bbox 1400 3666 1493 3734; x_wconf 91' lang='lat' dir='ltr'><strong>inter</strong></span> <span class='ocrx_word' id='word_1_175' title='bbox 1512 3683 1549 3732; x_wconf 92' lang='lat' dir='ltr'><strong>se</strong></span> 
     </span>
     <span class='ocr_line' id='line_1_25' title="bbox 429 3786 1549 3879; baseline -0.001 -22"><span class='ocrx_word' id='word_1_176' title='bbox 429 3789 597 3878; x_wconf 86' lang='lat' dir='ltr'><strong>oppositis</strong></span> <span class='ocrx_word' id='word_1_177' title='bbox 623 3789 729 3857; x_wconf 86' lang='lat' dir='ltr'><strong>vitam</strong></span> <span class='ocrx_word' id='word_1_178' title='bbox 754 3790 922 3877; x_wconf 76' lang='lat' dir='ltr'><strong>agitatam</strong></span> <span class='ocrx_word' id='word_1_179' title='bbox 944 3791 1073 3859; x_wconf 81' lang='lat' dir='ltr'><strong>ruisse”</strong></span> <span class='ocrx_word' id='word_1_180' title='bbox 1094 3789 1425 3879; x_wconf 83' lang='lat' dir='ltr'><strong>(Diepenbroclr</strong></span> <span class='ocrx_word' id='word_1_181' title='bbox 1447 3809 1481 3878; x_wconf 91' lang='lat' dir='ltr'><strong>p.</strong></span> <span class='ocrx_word' id='word_1_182' title='bbox 1499 3786 1549 3873; x_wconf 90' lang='lat'><strong>3).</strong></span> 
     </span>
    </p>
   </div>
   <div class='ocr_carea' id='block_1_3' title="bbox 431 3992 1548 4188">
    <p class='ocr_par' dir='ltr' id='par_1_3' title="bbox 431 3992 1548 4188">
     <span class='ocr_line' id='line_1_26' title="bbox 470 3992 1548 4073; baseline 0.002 -20"><span class='ocrx_word' id='word_1_183' title='bbox 470 3996 499 4064; x_wconf 80' lang='lat' dir='ltr'><strong>l)</strong></span> <span class='ocrx_word' id='word_1_184' title='bbox 541 3993 681 4065; x_wconf 83' lang='lat' dir='ltr'><strong>„Quando</strong></span> <span class='ocrx_word' id='word_1_185' title='bbox 705 3993 834 4054; x_wconf 85' lang='lat' dir='ltr'><strong>vivemus</strong></span> <span class='ocrx_word' id='word_1_186' title='bbox 843 3992 873 4054; x_wconf 81' lang='lat'><strong>?”</strong></span> <span class='ocrx_word' id='word_1_187' title='bbox 895 3993 929 4054; x_wconf 84' lang='lat' dir='ltr'><strong>ad</strong></span> <span class='ocrx_word' id='word_1_188' title='bbox 952 3995 985 4064; x_wconf 82' lang='lat' dir='ltr'><strong>Q.</strong></span> <span class='ocrx_word' id='word_1_189' title='bbox 1008 3994 1042 4056; x_wconf 88' lang='lat' dir='ltr'><strong>lr.</strong></span> <span class='ocrx_word' id='word_1_190' title='bbox 1056 3994 1093 4056; x_wconf 96' lang='lat' dir='ltr'><strong>lll</strong></span> <span class='ocrx_word' id='word_1_191' title='bbox 1106 3997 1185 4065; x_wconf 69' lang='lat' dir='ltr'><strong>tlt,</strong></span> <span class='ocrx_word' id='word_1_192' title='bbox 1198 3992 1369 4055; x_wconf 89' lang='lat' dir='ltr'><strong>Boissier</strong></span> <span class='ocrx_word' id='word_1_193' title='bbox 1380 3993 1437 4056; x_wconf 83' lang='lat' dir='ltr'><strong>Cio.</strong></span> <span class='ocrx_word' id='word_1_194' title='bbox 1451 4012 1478 4073; x_wconf 91' lang='lat' dir='ltr'><strong>p.</strong></span> <span class='ocrx_word' id='word_1_195' title='bbox 1492 3995 1548 4064; x_wconf 75' lang='lat'><strong>{33</strong></span> 
     </span>
     <span class='ocr_line' id='line_1_27' title="bbox 431 4107 1326 4188; baseline -0.001 -19"><span class='ocrx_word' id='word_1_196' title='bbox 431 4107 494 4178; x_wconf 90' lang='lat' dir='ltr'><strong>„lle</strong></span> <span class='ocrx_word' id='word_1_197' title='bbox 516 4127 592 4169; x_wconf 86' lang='lat' dir='ltr'><strong>nunu</strong></span> <span class='ocrx_word' id='word_1_198' title='bbox 612 4109 737 4187; x_wconf 87' lang='lat' dir='ltr'><strong>denique</strong></span> <span class='ocrx_word' id='word_1_199' title='bbox 760 4117 858 4170; x_wconf 83' lang='lat' dir='ltr'><strong>natum</strong></span> <span class='ocrx_word' id='word_1_200' title='bbox 880 4109 1026 4186; x_wconf 80' lang='lat' dir='ltr'><strong>gratulor&#39;’</strong></span> <span class='ocrx_word' id='word_1_201' title='bbox 1049 4128 1074 4169; x_wconf 82' lang='lat' dir='ltr'><strong>a.</strong></span> <span class='ocrx_word' id='word_1_202' title='bbox 1096 4129 1120 4170; x_wconf 86' lang='lat' dir='ltr'><strong>a.</strong></span> <span class='ocrx_word' id='word_1_203' title='bbox 1145 4110 1182 4170; x_wconf 98' lang='lat' dir='ltr'><strong>lll</strong></span> <span class='ocrx_word' id='word_1_204' title='bbox 1206 4112 1257 4171; x_wconf 70' lang='lat' dir='ltr'><strong>l‘ll</strong></span> <span class='ocrx_word' id='word_1_205' title='bbox 1284 4127 1326 4188; x_wconf 85' lang='lat' dir='ltr'><strong>sq.</strong></span> 
     </span>
    </p>
   </div>
   <div class='ocr_carea' id='block_1_4' title="bbox 860 4395 1121 4416">
    <p class='ocr_par' dir='ltr' id='par_1_4' title="bbox 860 4395 1121 4416">
     <span class='ocr_line' id='line_1_28' title="bbox 860 4395 1121 4416; baseline 0 0"><span class='ocrx_word' id='word_1_206' title='bbox 860 4395 1121 4416; x_wconf 51' lang='lat' dir='ltr'><strong>ww</strong></span> 
     </span>
    </p>
   </div>
   <div class='ocr_carea' id='block_1_5' title="bbox 0 0 1894 5488">
    <p class='ocr_par' dir='ltr' id='par_1_5' title="bbox 0 0 1894 5488">
     <span class='ocr_line' id='line_1_29' title="bbox 0 0 1894 5488; baseline 0 2"><span class='ocrx_word' id='word_1_207' title='bbox 0 0 1894 5488; x_wconf 95' lang='lat' dir='ltr'><strong> </strong></span> 
     </span>
    </p>
   </div>
  </div>
 </body>
</html>
