3778 5488
882 687 950 756 215

944 905 1020 954 esse
1065 885 1182 953 deum.
1230 883 1337 973 Optat
1378 883 1472 950 idem

943 1009 1105 1100 populus.

675 1134 775 1203 1214
798 1135 887 1215 (dei)

404 1257 451 1326 Ex
476 1257 587 1326 Ponto
611 1258 625 1325 l
753 1258 831 1326 126
855 1260 970 1345 (6000)
994 1258 1039 1326 29
1064 1257 1236 1338 (deorum)
1260 1255 1305 1324 48
1323 1254 1475 1342 (6οο)63

851 1382 920 1466 (dis
934 1382 1154 1451 manifestior
1165 1382 1252 1470 ipse)
1265 1380 1307 1447 77
1321 1379 1472 1468 (superi)

751 1505 824 1574 2.71
853 1506 968 1593 (6000)
990 1504 1034 1574 73
1045 1503 1284 1590 (000000)105
1295 1513 1475 1592 (praesen-

851 1631 901 1699 tia
924 1631 1087 1712 numina)
1114 1628 1191 1720 [sed
1203 1627 1286 1697 118;
1300 1626 1475 1717 aequandi

852 1757 990 1843 superis
1013 1754 1094 1845 viri]

752 1879 830 1948 444
852 1879 935 1964 (dei)
969 1879 1014 1947 55
1036 1899 1087 1969 sq.
1111 1878 1333 1963 (Caesaribus
1347 1930 1354 1946 .
1368 1928 1399 1946 ..
1423 1875 1477 1944 dis

857 2005 962 2079 veris)

754 2129 833 2198 570
858 2129 943 2212 (601)

752 2254 830 2324 626
852 2261 1013 2346 (magnos
1036 2253 1203 2340 6000)46
1226 2253 1313 2340 (dei)

753 2379 963 2466 7500000)

753 2503 831 2573 936
854 2510 1043 2589 (terrarum
1070 2502 1296 2570 dominos...
1312 2500 1443 2586 ,6000)

729 2628 830 2697 1042
853 2628 1026 2713 (Caesaris
1049 2633 1196 2710 numen)

402 2750 452 2819 Ex
478 2753 589 2822 Ponto
614 2753 644 2821 ΙΙ
755 2752 834 2821 148
856 2755 966 2836 (6000)

756 2876 831 2946 241
859 2878 1034 2954 (Romana
1058 2879 1219 2958 numina)
1234 2876 1478 2960 109(000)00)

855 3003 921 3070 122
946 3002 1062 3089 (6000)

754 3126 810 3195 82
856 3126 972 3214 (6000)
1005 3126 1028 3193 6
1058 3131 1218 3211 (numen)
1241 3126 1264 3194 8
1286 3125 1480 3208 (caelestes)

854 3251 877 3319 9
912 3253 1027 3336 (6000)
1062 3250 1106 3318 15
1136 3257 1280 3332 (numen
1314 3250 1479 3334 caeleste)

857 3374 932 3466 [sed
976 3375 1041 3444 23:
1086 3375 1139 3442 vir
1173 3375 1333 3443 inmenso
1369 3375 1482 3442 maior

857 3500 1047 3569 virtutibus
1070 3499 1165 3582 orbe,
1177 3499 1239 3567 25:
1256 3498 1362 3568 saecli
1374 3498 1482 3567 decus

856 3624 1040 3693 indelebile
1095 3625 1217 3708 nostri,
1272 3623 1317 3693 ad
1364 3626 1478 3713 ipsum

856 3747 1075 3840 Augustum]
1100 3748 1144 3817 76
1167 3748 1252 3832 (dei)

405 3873 455 3941 Ex
480 3873 591 3943 Ponto
614 3872 663 3942 III
757 3872 834 3943 1.97
858 3877 1018 3958 (numen)
1041 3872 1109 3941 100
1132 3873 1244 3958 (6000)
1265 3873 1332 3940 163
1346 3874 1482 3960 (Augu-

858 4006 953 4067 stum
979 4004 1126 4079 numen)

756 4123 835 4191 616
857 4124 1051 4210 (Augustos
1074 4123 1173 4206 6000)

405 4249 456 4317 Ex
480 4249 592 4318 Ponto
617 4249 661 4318 lV
758 4248 837 4317 356
861 4249 1007 4332 (summi
1031 4247 1103 4330 dei)

755 4371 833 4442 433
856 4393 907 4462 sq.
933 4372 1103 4458 (6000...
1128 4393 1209 4440 000]
1232 4372 1311 4441 10νο
1335 4370 1481 4457 Caesar)
