3778 5488
897 712 965 781 ι255

371 914 475 994 Naso,
510 914 571 1003 qui
606 917 710 1002 poeta
744 911 983 1001 nequissimus
1017 917 1052 980 et
1085 911 1261 979 nominari
1293 910 1431 980 volebat
1454 916 1490 979 et

370 1038 630 1121 nominabatur,
655 1037 684 1104 si
708 1035 877 1104 Gallionis
901 1037 960 1122 (ex
985 1035 1021 1103 P.
1046 1035 1092 1104 lV
1115 1035 1334 1124 iliconiuge
1349 1041 1489 1105 mortua

370 1170 410 1233 ut
432 1164 508 1232 eius
532 1162 687 1230 dolorem
713 1161 838 1228 leniret
861 1161 1021 1229 animum
1043 1160 1250 1243 induxisset,
1276 1160 1382 1228 verba
1404 1160 1489 1229 doc·

369 1297 487 1357 torum
520 1286 651 1356 referre
676 1285 856 1374 potuisset,
880 1286 914 1353 id
938 1291 1002 1369 est,
1026 1285 1297 1354 consolationem
1323 1285 1488 1370 scribere,

372 1412 495 1501 quales
517 1416 601 1479 sunt
626 1410 850 1478 Annaeanae.
874 1447 917 1458 —

412 1533 556 1604 Poetam
602 1532 661 1601 illa
708 1532 888 1603 doctrinae
927 1535 1114 1602 ostentatio
1160 1555 1287 1623 parum
1331 1534 1487 1610 decebat.

367 1662 538 1728 Seneca
561 1665 696 1742 contra,
720 1665 842 1748 utpote
864 1659 1102 1748 philosophus,
1123 1681 1203 1728 cum
1218 1660 1373 1748 primum
1388 1659 1487 1727 dam·

368 1793 474 1852 natus
504 1790 567 1866 est,
593 1803 839 1873 quaecumque
863 1783 906 1851 de
930 1784 1033 1852 exilio
1056 1783 1114 1852 alil
1139 1785 1367 1873 scripserunt,
1391 1785 1488 1854 colli-

366 1928 464 1998 gens,
499 1928 661 1997 quaeque
696 1908 739 1977 de
774 1929 816 1977 ea
840 1928 877 1977 re
901 1913 1008 1995 atque
1032 1909 1074 1976 de
1099 1908 1273 1977 similibus
1296 1911 1369 1998 ipse
1394 1911 1485 2000 cogi·

367 2039 475 2102 lasset
498 2033 620 2102 sedulo
644 2034 849 2124 adiungens,
874 2053 997 2103 recens
1013 2033 1095 2102 exul
1106 2035 1151 2102 ad
1165 2041 1314 2104 matrem
1329 2034 1485 2104 libellum

373 2161 469 2227 misit
492 2161 650 2249 sapiente
673 2160 719 2228 ab
742 2160 838 2228 omni
862 2165 962 2250 parte
986 2157 1244 2247 dignissimum.

411 2284 544 2353 Verum
579 2284 622 2352 de
655 2285 733 2374 ipso
767 2285 871 2352 exilio
894 2305 963 2352 non
989 2284 1038 2352 ita
1063 2285 1174 2353 multa
1197 2286 1232 2352 in
1258 2285 1488 2374 scriptoribus

366 2409 440 2477 suis
473 2447 519 2458 -
552 2409 625 2476 sive
661 2407 781 2497 plures
815 2408 888 2475 sive
923 2406 1015 2475 solos
1052 2407 1201 2475 Brutum
1233 2407 1486 2477 et'Varronem

366 2553 447 2601 cum
480 2533 599 2621 aliquo
631 2531 839 2620 compendio
863 2530 979 2600 Stoico
1002 2532 1155 2620 inspexit
1171 2533 1200 2620 1)
1223 2570 1267 2581 -
1291 2533 1487 2621 repperisse

371 2657 518 2741 videtur,
543 2677 634 2747 quae
660 2657 728 2726 buc
752 2656 825 2724 lere
851 2655 1018 2725 redeunt:

411 2782 530 2850 Prima
565 2782 740 2851 sententia
777 2780 1016 2870 philosophica
1052 2783 1165 2870 posita
1199 2788 1253 2850 est
1288 2783 1324 2850 in
1363 2783 1488 2871 capitis

366 2907 480 2995 quinti
517 2907 633 2975 initio:
670 2905 944 2994 „Unusquisque
979 2904 1096 2974 facere
1128 2927 1164 2974 se
1193 2905 1334 2975 beatum
1363 2912 1486 2997 potest.

369 3031 457 3099 Leve
484 3036 702 3100 momentum
728 3029 763 3096 in
789 3028 995 3098 adventiciis
1019 3029 1125 3098 rebus
1148 3041 1219 3098 est:
1244 3051 1309 3100 nec
1332 3030 1487 3100 secunda

366 3157 560 3245 sapientem
573 3155 730 3223 evehunt
741 3173 807 3222 nec
819 3154 967 3222 adversa
979 3153 1203 3222 demittunt.’'
1217 3153 1351 3224 Seneca
1359 3175 1485 3244 quam·

365 3300 472 3367 quam
484 3280 602 3368 ipsum
616 3300 652 3347 se
664 3280 860 3368 sapientem
870 3299 939 3346 non
949 3298 1025 3346 esse
1034 3277 1128 3358 dicit,
1137 3283 1254 3346 tamen
1267 3279 1485 3368 sapientibus

365 3423 402 3472 se
429 3404 510 3472 viris
533 3404 669 3473 dedisse
681 3412 717 3471 et
732 3404 850 3472 omnia
865 3403 964 3488 bona,
978 3422 1069 3491 quae
1082 3403 1226 3471 fortuna
1237 3403 1363 3493 largita
1376 3405 1431 3488 sit,
1444 3426 1486 3473 eo

365 3529 440 3598 loco
454 3529 610 3618 posuisse
624 3528 717 3596 unde
731 3529 839 3617 possit
850 3529 925 3596 sine
936 3535 1033 3597 motu
1042 3548 1106 3596 sno
1116 3534 1274 3617 repetere
1285 3529 1465 3598 contendit
1477 3552 1485 3614 ;

368 3654 486 3742 itaque
517 3654 552 3721 in
584 3652 648 3734 his,
671 3672 763 3741 quae
789 3651 881 3721 mala
905 3660 1086 3736 vocantur,
1114 3652 1198 3720 nibil
1231 3659 1304 3721 tam
1328 3653 1485 3722 terribile

366 3797 407 3846 ao
430 3777 560 3845 durum
585 3778 719 3846 invenit
739 3798 847 3865 quam
860 3777 978 3865 opinio
993 3776 1087 3865 vulgi
1102 3776 1313 3845 minabatur.
1338 3777 1485 3846 Remoto

367 3901 473 3989 igitur
503 3899 633 3971 iudicio
665 3901 820 3991 plurium
847 3902 941 3970 videt
963 3901 1106 3970 exilium
1130 3923 1207 3970 esse
1232 3903 1299 3972 loci
1325 3923 1486 3972 commu·

365 4025 546 4109 tationem,
571 4045 641 4114 quo
665 4027 744 4115 quis
769 4027 883 4115 patria
907 4026 1050 4096 carebit.
1075 4026 1114 4094 ld
1136 4034 1254 4095 autem
1265 4027 1485 4097 intolerabile

365 4170 435 4217 non
459 4170 534 4220 esse
559 4151 778 4219 demonstrat
803 4152 917 4241 primo
942 4171 1070 4240 magna
1096 4151 1285 4221 multitudo
1300 4153 1484 4221 bominum

405 4303 436 4378 l)
481 4301 521 4362 Cl.
545 4300 721 4362 Giesecke
741 4300 776 4361 de
799 4300 1037 4381 pbilosophorum
1061 4307 1188 4362 veterum
1212 4320 1286 4381 qnae
1307 4301 1342 4362 ad
1364 4302 1484 4364 exilium

367 4424 495 4496 spectant
517 4417 666 4479 sententiis
687 4435 713 4497 p.
738 4419 789 4478 lot
816 4435 859 4496 sq.
