3778 5488
918 702 986 772 490

387 907 423 968 et
456 906 628 969 vetustate
652 901 827 969 amicitiae
851 903 1061 969 coniunctus
1085 899 1210 987 (Acad.
1234 898 1249 965 l
1273 897 1323 986 l),
1346 898 1411 967 etsi
1435 899 1509 986 ipse

388 1046 529 1114 quoque
553 1025 782 1114 optimatibus
805 1025 979 1104 studebat,
1004 1034 1123 1093 tamen
1147 1025 1240 1092 inter
1264 1023 1406 1100 intimos
1429 1042 1509 1090 ora·

388 1151 474 1218 toris
504 1151 636 1218 amicos
660 1169 729 1218 non
753 1159 850 1218 arat:
876 1150 1010 1233 „Varro
1034 1149 1205 1217 satisfacit
1227 1147 1329 1217 nobis
1352 1149 1410 1234 (ad
1437 1147 1509 1216 lltt.

391 1275 419 1342 ll
443 1274 538 1358 20.l;
561 1274 665 1363 ald).
692 1274 803 1344 Multa
827 1296 889 1363 per
911 1275 1104 1343 Varronem
1118 1281 1279 1343 nostrum
1293 1273 1510 1360 agipossunt

388 1401 449 1485 (ib.
474 1398 587 1482 ΜΓ
612 1398 755 1488 (Agitur
779 1399 821 1467 de
834 1399 1054 1470 concilianda
1071 1399 1230 1469 Ciceroni
1243 1397 1386 1486 Pompei
1402 1417 1508 1466 manu

388 1524 557 1592 adversus
580 1524 695 1593 Publii
719 1524 887 1607 furorem,
913 1526 1022 1594 Boot
1046 1525 1088 1592 ad
1113 1523 1216 1610 tol).
1230 1522 1339 1603 „Cum
1354 1523 1507 1611 aliquem

389 1651 481 1738 apud
507 1657 541 1716 te
567 1648 712 1717 laudaro
728 1655 878 1718 'tuorum
903 1650 1142 1734 familiarium,
1169 1648 1281 1716 volam
1306 1647 1508 1717 illumscire

388 1793 431 1841 ex
461 1779 496 1841 te
531 1792 585 1840 me
609 1772 644 1841 id
671 1773 806 1859 secisse,
830 1780 870 1842 ut
894 1795 1008 1864 nuper
1033 1794 1087 1842 me
1111 1775 1179 1843 scis
1202 1774 1382 1862 scripsisse
1405 1772 1448 1841 ad
1473 1778 1509 1841 te

389 1899 432 1966 de
456 1898 624 1967 Varronis
647 1919 731 1988 erga
756 1920 811 1968 me
834 1901 959 1979 cilicio,
983 1906 1018 1969 te
1041 1901 1084 1968 ad
1112 1921 1167 1969 me
1190 1898 1410 1986 rescripsisse
1430 1917 1507 1965 eam

389 2044 463 2091 rem
500 2044 659 2092 summae
695 2024 758 2092 tibi
796 2025 965 2114 voluptati
1000 2046 1094 2110 esse3
1127 2027 1187 2096 sed
1211 2047 1275 2116 ego
1300 2027 1439 2096 mallem
1464 2026 1508 2095 ad

387 2147 487 2216 illum
512 2150 710 2237 scripsisses
735 2150 820 2218 milri
843 2150 941 2219 illum
966 2153 1179 2235 satisfacere,
1199 2173 1269 2221 non
1283 2153 1509 2240 queisceret,

389 2273 447 2341 sed
474 2281 512 2341 ut
537 2273 687 2356 laceret3
713 2275 922 2345 mirabiliter
941 2278 1034 2345 enim
1051 2285 1208 2348 moratus
1219 2284 1282 2362 est,
1296 2279 1387 2346 sicut
1399 2277 1508 2345 nosti:

389 2395 502 2460 ἑλικτὰ
525 2401 578 2460 καὶ
603 2396 699 2462 οὐδέν
723 2440 768 2450 -
791 2401 860 2470 Sed
884 2423 948 2471 nos
971 2409 1133 2472 tenemus
1158 2413 1384 2493 praeceptum
1410 2400 1507 2484 illud,

391 2527 448 2596 wis
472 2531 536 2588 rior
564 2528 805 2607 uparortvrovss’
830 2528 890 2614 (ib.
915 2527 1001 2596 25.l.
1020 2526 1129 2596 Varro
1141 2530 1246 2597 amici
1258 2528 1410 2616 speciem
1425 2546 1508 2615 prae

390 2672 426 2720 se
463 2652 609 2737 ferebat,
645 2653 704 2722 sed
737 2655 855 2723 animo
889 2654 1165 2722 minussincero
1189 2659 1324 2721 enatet
1348 2650 1507 2721 candido.

390 2775 469 2860 Sed,
511 2798 591 2846 cum
638 2778 746 2846 Varro
782 2778 925 2868 Pompei
960 2785 1054 2846 esset
1087 2778 1332 2858 amicissimus,
1368 2774 1509 2842 nolebat

389 2901 510 2971 Cicero
536 2903 686 2971 hominis
711 2903 833 2972 lucum
858 2904 1031 2992 detegere,
1057 2904 1192 2989 Boot).

434 3026 484 3093 De
506 3027 607 3094 exule
631 3034 750 3095 autem
777 3027 863 3096 bane
890 3028 1035 3095 meritus
1058 3035 1121 3106 est,
1146 3047 1228 3095 nam
1253 3026 1287 3095 ct
1302 3025 1507 3115 Pompeium

389 3149 548 3219 Ciceroni
582 3151 770 3220 conciliare
797 3172 895 3240 posse
923 3152 1109 3220 videbatur
1132 3151 1167 3220 et
1191 3171 1314 3219 revera
1337 3150 1371 3219 id
1397 3151 1509 3240 egisse

389 3281 477 3344 teste
513 3275 647 3345 Attico:
680 3276 851 3356 „Varroni
876 3297 931 3344 me
956 3276 1055 3344 iubes
1078 3296 1183 3364 agere
1206 3277 1356 3366 gratiam
1380 3275 1507 3344 faciam

390 3401 446 3484 (ad
486 3400 559 3469 Au.
594 3401 641 3468 lll
676 3400 758 3488 83).
794 3403 826 3471 Α
858 3402 1015 3471 Varrone
1046 3400 1170 3471 scribis
1194 3401 1256 3472 libi
1280 3420 1356 3468 esse
1380 3400 1509 3470 conlin-

392 3529 527 3591 matum
550 3523 593 3591 de
620 3524 797 3594 voluntate
823 3527 965 3616 Pompei
989 3527 1048 3612 (ib.
1073 3525 1176 3611 let).
1203 3526 1369 3598 Varronis
1393 3545 1508 3593 sermo

390 3648 473 3716 lacit
496 3651 792 3736 exspectationem
818 3649 994 3734 Caesaris,
1018 3658 1124 3740 atque
1149 3653 1285 3719 utinam
1310 3651 1384 3740 ipse
1399 3649 1508 3717 Varro

390 3773 573 3841 incumbat
608 3774 642 3840 in
678 3777 841 3843 causam!
876 3778 971 3865 quod
1008 3777 1164 3866 prolecto
1191 3797 1271 3846 curn
1297 3796 1362 3844 sua
1385 3781 1508 3864 sponte

390 3903 467 3965 tum
499 3907 533 3964 te
569 3897 722 3966 instante
753 3899 859 3968 faciet
882 3899 942 3985 (ib.
967 3899 984 3990 ξ
1006 3899 1054 3988 3).
1080 3901 1383 3989 Exspectationem
1408 3898 1509 3967 nobis

390 4041 459 4088 non
499 4041 644 4110 parvam
680 4023 860 4106 attuleras,
895 4045 977 4094 cum
1013 4025 1204 4114 scripseras
1227 4025 1420 4094 Varronem
1446 4023 1508 4092 tibi

391 4165 454 4233 pro
489 4146 644 4214 amicitia
678 4146 906 4217 confirmasse
940 4169 1082 4218 causam
1120 4154 1277 4217 nostram
1302 4149 1506 4236 Pompeium

390 4275 485 4336 certe
509 4277 755 4359 suscepturum
782 4273 843 4359 (ib.
870 4271 990 4362 l8.l).'’
1003 4274 1103 4342 Unde
1116 4294 1333 4363 quamquam
1347 4279 1509 4343 constare

391 4391 540 4476 videtur,
576 4393 767 4464 Varronem
801 4396 978 4467 Ciceronis
1007 4398 1112 4466 saluti
1135 4419 1206 4468 non
1231 4419 1356 4489 parum
1382 4417 1509 4487 operae
