3792 5486
852 731 897 800 83

311 927 354 994 de
380 933 491 995 morte
514 927 748 1014 ignominiosa
771 934 889 995 actum
914 947 990 996 esse
1014 927 1153 995 videtur
1163 929 1283 1015 itaque
1296 928 1430 998 Seneca

311 1071 352 1118 eo
390 1051 581 1139 perductus
615 1059 678 1131 est,
705 1059 742 1118 ut
768 1051 906 1140 copiose
930 1057 1051 1140 ageret
1073 1052 1116 1119 de
1142 1059 1252 1120 morte
1277 1052 1430 1122 Socratis

310 1183 346 1244 et
381 1174 523 1244 Catonis
556 1183 592 1243 et
626 1175 662 1242 iu
698 1175 877 1243 narranda
908 1175 1133 1246 contumelia.
1164 1197 1235 1265 qua
1261 1177 1430 1245 Aristides

312 1299 426 1388 patria
460 1299 589 1368 cedens
623 1297 770 1368 allectus
804 1308 867 1382 est,
903 1300 936 1366 id
969 1300 1097 1388 ipsum,
1121 1301 1155 1367 in
1181 1300 1322 1369 exilium
1347 1322 1428 1370 eum

312 1425 402 1506 iisse,
438 1445 508 1493 non
541 1431 836 1494 commemoraret
860 1425 894 1513 (ξ
924 1424 963 1492 7:
988 1424 1191 1493 Ducebatur
1214 1426 1362 1494 Athenis
1385 1428 1427 1494 ad

311 1549 523 1638 supplicium
549 1548 721 1617 Aristides
744 1551 838 1637 etc).
862 1549 953 1617 Tum
978 1549 1129 1637 denique
1155 1551 1314 1618 meminit
1337 1552 1429 1620 sede

312 1673 415 1743 exilio
438 1674 592 1742 scribere
607 1693 721 1762 neque
734 1672 806 1741 ulla
818 1675 1026 1763 interposita
1038 1675 1203 1744 iunctura
1215 1683 1294 1764 post
1306 1696 1429 1744 narra-

301 1800 442 1867 tionem
478 1799 522 1867 de
558 1798 711 1866 Aristide
735 1797 833 1865 addit
857 1798 891 1888 (§
913 1797 968 1887 8):
994 1799 1095 1882 „Scio
1118 1799 1290 1888 quosdam
1313 1799 1429 1869 dicere

311 1929 516 2013 contemptu
551 1922 638 1991 nihil
674 1943 749 1991 esse
784 1924 937 2012 gravius,
969 1931 1117 1992 mortem
1149 1924 1234 2012 ipsis
1257 1925 1428 2014 potiorem

313 2049 432 2116 videri.
459 2048 520 2116 llis
539 2069 603 2136 ego
616 2047 834 2137 respondebo
847 2057 883 2116 et
895 2049 1040 2117 exilium
1052 2069 1156 2137 saepe
1170 2051 1430 2138 contemptione

312 2173 406 2242 omni
431 2171 622 2240 carere..Si
647 2191 797 2259 magnus
823 2173 874 2239 vir
897 2172 1032 2255 cecidit,
1059 2193 1207 2262 magnus
1226 2174 1345 2256 iacuit,
1358 2194 1428 2242 nou

313 2298 424 2386 magis
446 2296 545 2364 illum
573 2302 674 2384 putes
698 2297 887 2378 contemni,
911 2318 1018 2386 quam
1043 2318 1123 2365 cum
1148 2297 1288 2364 aedium
1314 2317 1426 2373 sacra·

313 2443 390 2490 rum
428 2422 552 2490 ruinae
586 2421 780 2504 calcantur,
815 2441 904 2510 quas
929 2421 1080 2509 religiosi
1105 2441 1216 2509 aeque
1240 2442 1281 2489 ac
1305 2423 1431 2490 stantis

312 2545 492 2614 adorant.'’
529 2545 667 2633 Repetit
696 2565 786 2632 quae
811 2566 920 2634 supra
943 2546 988 2630 (c.
1012 2545 1048 2630 9)
1075 2545 1194 2612 multis
1217 2545 1431 2613 disseruerat

312 2671 355 2738 de
390 2670 557 2740 Marcello
580 2669 693 2749 exule,
729 2671 790 2759 qui
824 2676 897 2738 tam
936 2670 1035 2738 beate
1071 2671 1212 2752 viveret,
1237 2676 1275 2737 ut
1299 2669 1431 2738 Brutus

312 2796 453 2876 diceret,
490 2801 675 2884 postquam
714 2795 890 2884 Mytilenis
927 2793 1131 2863 Marcellum
1167 2794 1267 2861 vidit:
1293 2795 1428 2877 „visum

312 2921 377 2988 sibi
401 2940 437 2988 se
464 2921 574 3010 magis
596 2921 634 2987 in
657 2920 800 2987 exilium
827 2921 888 3001 ire,
901 2919 1050 3009 quisine
1063 2919 1121 2987 illo
1136 2919 1315 2988 rediturus
1328 2929 1429 3005 esset,

312 3066 418 3132 quam
443 3044 542 3112 illum
567 3046 603 3112 in
627 3044 729 3113 exilio
756 3044 937 3133 relinqui‚”
960 3053 1104 3133 tamque
1117 3045 1283 3113 ardenter
1295 3045 1431 3112 deside·

312 3176 462 3249 raretum
486 3176 527 3237 ut
550 3209 593 3218 —
616 3170 665 3237 ita
689 3169 822 3238 Seneca
846 3169 988 3257 quidem
1012 3175 1190 3237 asseverat
1215 3209 1254 3218 --
1276 3177 1430 3253 senatus,

312 3315 393 3363 cum
429 3293 579 3384 publicis
613 3293 776 3382 precibus
810 3314 831 3361 a
863 3293 1011 3361 Caesare
1035 3293 1188 3362 reditum
1213 3279 1429 3382 impetraret,

312 3424 406 3498 „tam
432 3417 601 3487 sollicitus
624 3439 664 3486 ac
692 3426 845 3485 moestus
869 3424 969 3496 esset,
992 3426 1030 3486 ut
1055 3438 1177 3486 omues
1187 3417 1247 3486 illo
1260 3419 1315 3486 die
1329 3417 1429 3486 Bruti
1519 3439 1522 3444 ’

315 3541 442 3609 babere
477 3543 635 3609 animum
675 3542 877 3609 viderentur
910 3547 946 3609 et
981 3535 1143 3630 non'pro
1181 3541 1346 3612 Marcello
1369 3542 1429 3611 sed

312 3685 376 3752 pro
404 3685 440 3732 se
464 3664 657 3754 deprecari,
683 3687 727 3734 ne
750 3664 871 3733 exules
894 3674 1021 3749 essent,
1047 3666 1075 3732 si
1088 3668 1163 3734 sine
1175 3666 1234 3735 illo
1247 3668 1430 3735 luissent.”

312 3786 409 3867 Quae
433 3808 518 3856 saue
543 3788 709 3858 Marcello
733 3790 881 3857 luissent
908 3789 1268 3874 honorificentissima,
1292 3793 1321 3858 si
1334 3792 1376 3860 de
1389 3812 1430 3859 eo

314 3913 426 4001 primo
461 3913 554 3982 dicta
577 3923 704 3998 esseut,
729 3914 787 3982 sed
815 3915 949 4002 pridem
973 3917 1044 3983 iam
1065 3916 1198 3985 dictum
1223 3916 1308 3984 illud
1323 3915 1431 3994 ‚locus

313 4039 512 4107 communis
534 4041 727 4118 exstiterat,
742 4046 927 4129 postquam
944 4040 1115 4128 Diogenes
1128 4040 1280 4129 Cynicus
1293 4059 1430 4128 primus

313 4183 354 4230 eo
390 4183 474 4232 usus
509 4170 571 4231 est.
608 4163 669 4231 Ille
703 4165 798 4232 enim
834 4165 947 4252 (Diog.
985 4163 1099 4232 Laert.
1130 4164 1173 4232 Vl
1197 4163 1257 4252 49)
1281 4164 1429 4232 dicenti:

314 4287 547 4374 „Sinopenses
580 4294 616 4354 te
639 4288 732 4355 exilii
757 4288 1116 4373 condemnaverunl‚”
1140 4288 1339 4376 respoudit:
1365 4287 1431 4372 „Et

316 4431 382 4500 ego
417 4411 495 4480 illos
530 4413 753 4481 mansionis.”
791 4409 891 4491 Quod
915 4414 1139 4481 enuntiatum
1168 4413 1213 4481 ab
1237 4412 1313 4481 aliis
1338 4414 1432 4482 varie
