3792 5486
879 731 946 799 tto

349 927 406 1012 (ad
444 927 486 997 H.
523 949 567 997 m.
603 927 705 1015 143).
740 969 784 979 —
818 929 858 998 In
893 930 987 998 exilii
1015 931 1130 999 causis
1165 932 1363 1020 aperiendis
1386 932 1468 1002 licet

349 1052 482 1122 Seneca
517 1073 645 1143 parcus
668 1056 713 1124 sit
735 1055 939 1139 admodum,
963 1065 1046 1125 sunt
1068 1063 1188 1124 tamen
1212 1076 1303 1144 quac
1326 1057 1462 1126 dubita·

349 1179 480 1247 tionem
519 1179 603 1248 mibi
638 1180 832 1265 iniecerint,
867 1201 913 1248 an
950 1180 1091 1269 vulgata
1121 1182 1239 1271 opinio
1264 1183 1465 1274 (Dispen-

349 1304 485 1373 brock
511 1325 542 1394 p.
562 1304 607 1373 58
619 1307 697 1395 sq.)‚
711 1305 880 1375 Senecam
896 1306 986 1374 bona
998 1325 1068 1374 non
1082 1307 1249 1389 amisisse,
1263 1307 1352 1376 falsa
1364 1316 1465 1377 esset.

349 1429 463 1519 Supra
486 1429 556 1498 iam
582 1432 631 1520 (p.
655 1429 699 1497 22
723 1429 1017 1519 aun.I)pr0bare
1031 1432 1147 1500 conati
1160 1451 1284 1500 sumus
1296 1431 1465 1501 Senecam

348 1575 368 1622 a
403 1554 558 1624 delatore
593 1555 712 1624 invido
746 1553 931 1643 expulsum
968 1574 1053 1622 esse.
1079 1554 1116 1622 Id
1145 1576 1257 1643 genus
1281 1555 1464 1625 bominum

347 1689 544 1768 numquam
580 1679 690 1768 gratis
725 1679 838 1748 officia
872 1698 936 1746 sua
969 1679 1184 1768 praestitisse
1208 1686 1243 1747 ct
1267 1700 1407 1770 semper
1428 1683 1465 1751 in

348 1801 440 1872 bona
473 1805 524 1871 rei
559 1805 731 1874 involasse
766 1811 840 1873 tota
874 1805 1129 1893 Imperatorum
1166 1803 1312 1873 historia
1335 1806 1465 1874 evincit

347 1947 461 2018 neque
496 1936 560 2012 est,
594 1949 659 1998 cur
693 1928 909 1998 arbitremur
942 1928 979 1996 in
1014 1948 1121 1996 causa
1145 1927 1298 1998 Senecae
1322 1951 1390 1998 non
1416 1932 1465 1999 ita

346 2053 479 2122 Iactum
504 2073 590 2122 esse.
615 2053 681 2123 Sed
707 2054 776 2122 alin
799 2065 1097 2144 argumentaesse
1120 2053 1283 2122 videntur
1296 2055 1463 2125 firmiora.

347 2178 399 2246 Ad
437 2185 587 2247 matrem
619 2179 776 2248 scribens
799 2180 833 2247 in
860 2186 1068 2269 paupertate
1092 2178 1178 2246 nibil
1205 2178 1285 2247 mali
1309 2199 1396 2260 esse,
1420 2180 1464 2249 de

346 2321 383 2372 se
407 2303 494 2373 baec
518 2304 631 2374 addit:
657 2304 780 2391 „Quod
804 2303 848 2372 ad
874 2324 929 2372 me
953 2303 1096 2393 quidem
1121 2305 1282 2393 pertinet,
1298 2304 1463 2393 intellego

347 2447 403 2495 me
437 2449 508 2497 uon
539 2447 633 2518 opes,
665 2429 724 2497 sed
757 2428 1005 2518 occupationes
1029 2428 1242 2517 perdidisse”
1267 2430 1323 2514 (ad
1352 2429 1390 2496 H.
1417 2451 1462 2498 m.

345 2549 448 2641 ica).
473 2551 657 2641 Polybium
678 2560 861 2641 tamquam
886 2573 953 2621 usu
967 2560 1133 2641 expertus
1145 2553 1329 2621 admonet:
1354 2554 1462 2637 „Mihi

345 2678 459 2758 crede,
482 2678 511 2746 is
537 2675 670 2748 beatior
693 2684 755 2762 est,
780 2679 837 2746 cui
861 2678 1004 2748 fortuna
1028 2698 1247 2766 supervacua
1264 2684 1327 2763 cst,
1351 2699 1459 2768 quam

345 2803 385 2880 is,
409 2802 466 2871 cui
498 2809 621 2892 parata
645 2813 708 2871 est.
734 2802 862 2871 Omnia
885 2802 953 2871 ista
977 2802 1079 2880 bona,
1103 2823 1195 2891 quae
1218 2823 1282 2872 nos
1305 2804 1462 2891 speciosa

344 2925 404 2994 sed
428 2925 544 2996 IaIIaci
566 2927 743 3016 voluptate
756 2927 941 3022 delectant,
955 2927 1115 3017 pecunia,
1128 2927 1290 3016 dignitas
1305 2929 1461 3016 potentin

343 3051 483 3141 aliaque
505 3051 698 3142 complura,
723 3053 766 3120 ad
791 3073 883 3142 quae
906 3053 1044 3140 generis
1070 3053 1214 3120 humani
1239 3073 1343 3121 caeca
1360 3053 1460 3141 cupi-

343 3175 434 3245 ditas
456 3178 681 3268 obstupescit,
706 3197 788 3246 cum
812 3177 930 3246 labore
956 3177 1187 3266 possidentur,
1212 3196 1293 3246 cum
1329 3175 1459 3243 invidia

343 3303 609 3391 conspiciuntur
639 3303 851 3391 eosdemque
883 3303 976 3392 Ipsos
1000 3323 1089 3392 quos
1112 3309 1295 3380 exornant,
1318 3309 1354 3369 et
1378 3321 1458 3391 pre·

344 3435 456 3495 munt.
493 3427 576 3496 Plus
611 3428 793 3495 minantur
827 3448 934 3517 quam
971 3427 1139 3517 prosuut’'
1173 3427 1232 3514 (ad
1268 3425 1339 3494 Pol.
1378 3425 1458 3513 95).

343 3550 432 3620 Cum
467 3553 599 3641 gratias
634 3553 706 3640 agit
729 3550 876 3620 Claudio
901 3573 963 3641 pro
990 3553 1147 3641 mitigato
1171 3549 1353 3640 supplicio,
1378 3557 1458 3618 tan-

346 3685 421 3745 tum
447 3676 491 3745 de
516 3677 587 3745 vita
611 3677 693 3744 data
706 3676 873 3766 quuitur,
898 3676 975 3744 silet
993 3676 1036 3743 de
1051 3676 1149 3745 bonis
1162 3676 1354 3744 concessis:
1369 3675 1460 3758 „De-

343 3809 508 3891 precatus
530 3811 584 3870 cst
607 3822 670 3890 pro
694 3821 751 3869 me
775 3808 938 3870 senatum
958 3808 993 3869 et
1016 3803 1121 3868 vitam
1138 3800 1222 3868 mibi
1235 3821 1304 3868 non
1319 3806 1459 3866 tantum

342 3926 448 4006 dedit,
472 3926 533 3994 sed
558 3928 663 3995 etiam
689 3926 811 4014 petiit”
836 3926 897 4014 (ib.
922 3925 1026 4013 132).
1051 3925 1279 3996 Coniecturae
1303 3944 1372 3992 uon
1398 3923 1461 3990 ad·

344 4058 504 4120 versatur
527 4051 620 4140 quod
646 4053 678 4118 in
705 4050 980 4139 EpigrammatIs
1004 4049 1089 4139 (1.7)
1111 4059 1147 4116 et
1170 4045 1457 4116 aScboliastaad

341 4173 543 4244 Iuvenalem
568 4176 610 4261 (V
636 4175 716 4258 109)
741 4174 960 4262 „relegatus”
979 4174 1187 4264 appellatur,
1201 4192 1284 4239 nam
1299 4171 1460 4260 relegans

340 4322 483 4391 quoque
508 4301 600 4370 bona
623 4299 801 4368 Interdum
827 4299 970 4386 dempta
994 4318 1070 4366 esse
1092 4337 1136 4346 —
1155 4297 1292 4364 etiamsi
1313 4296 1355 4363 ad
1370 4302 1460 4363 tem·

339 4448 406 4518 pus
441 4427 532 4517 pulsi
568 4432 686 4496 esseut
722 4467 760 4475 -
798 4423 926 4494 docent
962 4423 1100 4512 Digesta
1135 4421 1277 4489 XLVIII
1302 4419 1396 4569 12⁰2&
1419 4418 1459 4487 li:
