3778 5488
962 687 1029 757 234

433 888 699 957 Thessalonicae
736 893 893 956 retentus
923 907 1021 970 sum3
1046 892 1167 975 postea
1189 906 1299 975 quarn
1323 886 1438 954 omnis
1461 887 1553 955 actio

434 1014 539 1082 huius
569 1013 653 1082 anni
676 1013 836 1083 conlecta
859 1013 960 1081 nobis
986 1011 1244 1080 ridebatur...
1269 1008 1452 1098 (19.1)....
1475 1029 1554 1078 sum
1577 1059 1581 1070 .

433 1139 588 1226 graviter
621 1143 829 1220 commotus,
864 1136 959 1226 quod
994 1136 1053 1205 illa
1087 1137 1164 1225 ipsa
1198 1155 1278 1224 spes
1301 1136 1438 1223 exigua,
1462 1154 1555 1225 quae

432 1270 520 1346 erat,
555 1262 733 1330 videretur
767 1280 843 1329 esse
874 1260 1013 1329 sublata
1048 1259 1169 1348 (ael).
1194 1259 1370 1348 Perspicio
1394 1259 1494 1328 nobis
1518 1260 1553 1326 in

434 1387 499 1456 hac
530 1386 730 1456 calamitate
764 1378 1016 1454 tabescendum
1041 1404 1136 1468 esse;
1161 1404 1276 1473 neque
1300 1384 1405 1467 enim,
1429 1384 1458 1452 si
1483 1382 1554 1451 ulla

433 1532 513 1601 spes
543 1511 667 1580 salutis
698 1516 838 1578 nostrae
862 1508 1030 1588 subesset,
1055 1516 1094 1577 tu
1121 1528 1183 1598 pro
1206 1514 1268 1576 tuo
1292 1529 1412 1577 amore
1436 1509 1472 1577 in
1498 1528 1554 1576 me

433 1637 499 1706 hoc
521 1641 679 1724 tempore
703 1635 920 1704 discessisses
944 1633 1084 1719 (25.l).”
1111 1633 1151 1701 Et
1175 1634 1210 1701 in
1237 1633 1361 1702 ultima
1386 1633 1428 1700 de
1450 1633 1553 1701 exilio

352 1845 356 1851 Ι
432 1760 476 1828 ad
501 1760 658 1828 Atticum
681 1759 833 1850 epistula
855 1757 945 1845 (27):
970 1758 1043 1842 „Ex
1066 1759 1138 1827 tuis
1162 1758 1288 1827 litteris
1311 1763 1347 1826 et
1371 1778 1412 1825 ex
1427 1777 1464 1825 re
1479 1758 1553 1846 ipsa

434 1904 499 1952 nos
523 1883 683 1953 banditus
707 1885 838 1974 perisse
862 1883 994 1953 video.'‘

477 2009 566 2079 Exul
601 2010 708 2099 igitur
731 2029 813 2078 cum
838 2027 952 2098 neque
975 2007 1275 2077 admonitionibus
1297 2008 1492 2076 amicorum
1517 2013 1552 2074 et

433 2133 673 2213 familiarium,
697 2133 804 2201 Attici
825 2132 997 2222 imprimis
1021 2131 1082 2218 (cl.
1107 2155 1138 2222 p.
1152 2131 1551 2222 152),parensaequum

431 2259 590 2326 animum
614 2258 680 2326 sibi
703 2265 925 2346 compararet
949 2277 1064 2346 neque
1088 2277 1144 2325 res
1167 2277 1251 2325 suae
1278 2277 1443 2347 prospere
1471 2277 1553 2325 suc·

430 2382 605 2466 cederent,
618 2388 802 2472 tantopere
814 2383 963 2452 increvit
974 2381 1183 2471 desperatio,
1198 2388 1236 2450 ut
1250 2382 1410 2450 homines
1429 2382 1551 2471 lugere

430 2527 467 2576 se
493 2508 578 2575 velle
602 2507 751 2577 diceret:
777 2506 867 2591 „Odi
880 2507 974 2575 enim
995 2506 1247 2590 celebritatem,
1267 2505 1364 2595 fugio
1379 2505 1550 2584 homines

429 2631 544 2700 lucem
568 2632 724 2720 aspicere
749 2631 805 2699 vix
830 2650 971 2721 possum
995 2629 1056 2719 (ad
1080 2630 1153 2698 Att.
1177 2629 1224 2697 lll
1248 2628 1330 2717 71).
1358 2629 1427 2718 Ego
1441 2649 1548 2718 prop·

430 2761 485 2824 ter
508 2757 583 2825 viae
607 2755 864 2824 celebritatem.
880 2807 888 2824 .
902 2805 932 2824 ..
956 2776 1028 2823 non
1053 2755 1227 2824 commovi
1242 2775 1297 2824 me
1309 2755 1426 2824 adhuc
1439 2753 1548 2822 Thes·

430 2877 595 2965 salonica,
627 2881 686 2948 sed
707 2881 779 2949 iam
802 2879 1046 2948 extrudimur.
1061 2931 1068 2948 .
1083 2930 1113 2948 ..
1137 2879 1182 2948 ab
1206 2880 1282 2970 ipso
1305 2880 1382 2950 loco
1407 2881 1551 2948 minime

430 3005 589 3093 apposito
611 3004 655 3073 ad
672 3004 891 3074 tolerandam
904 3005 940 3072 in
954 3009 1052 3073 tanto
1066 3005 1163 3075 luctu
1177 3004 1414 3074 calamitatem
1428 3003 1549 3093 (14.2).

430 3129 591 3199 Statuam
626 3130 661 3199 in
697 3133 822 3199 tuosne
846 3148 950 3218 agros
974 3128 1187 3219 confugiam,
1212 3136 1253 3197 ut
1272 3149 1388 3217 neque
1412 3128 1549 3197 videam

431 3254 599 3338 homines,
635 3273 724 3342 quos
759 3253 957 3323 nolim...
991 3252 1111 3343 (15.6).
1147 3253 1340 3323 Celebritas
1363 3253 1450 3322 mibi
1470 3251 1549 3322 odio

428 3383 546 3448 est...
585 3399 646 3448 ero
681 3399 764 3448 cum
784 3379 916 3468 paucis,
941 3378 1203 3447 multitudinem
1228 3379 1405 3446 dimittam
1428 3376 1547 3467 (19.1).

430 3503 502 3590 Ego
538 3502 696 3572 volebam
731 3503 808 3572 loco
844 3504 955 3593 magis
978 3503 1116 3572 deserto
1138 3523 1216 3572 esse
1239 3503 1275 3571 in
1302 3502 1549 3592 Epiro....si

429 3624 583 3695 ollendet
617 3647 673 3696 me
709 3625 775 3696 loci
810 3627 1005 3708 celebritas,
1041 3627 1109 3697 alio
1141 3649 1197 3697 me
1232 3629 1412 3698 conleram
1440 3627 1500 3715 (ad
1525 3628 1548 3696 l.

430 3750 510 3819 XIV
533 3749 589 3820 1.3
612 3757 647 3820 et
670 3751 741 3840 7).”

473 3873 695 3954 Quinetiam
724 3877 812 3946 vitae
836 3898 873 3947 se
896 3879 1039 3948 taedere
1062 3886 1098 3949 et
1120 3880 1164 3948 de
1188 3879 1257 3948 fine
1283 3876 1549 3946 vitaelacienda

429 4019 533 4088 saepe
568 4019 604 4068 se
639 4002 794 4091 cogitare
830 4003 952 4072 scribit
968 4005 997 4094 1)
1031 4009 1068 4072 et
1097 4005 1221 4074 amicis
1254 4004 1430 4086 irascitur,
1453 4001 1547 4093 quod

469 4121 640 4128 —n———-

470 4163 500 4236 l)
540 4161 599 4222 lam
622 4160 650 4222 in
674 4161 737 4241 ipso
758 4161 914 4225 certamine
936 4181 1004 4225 oum
1026 4164 1126 4226 Clodio
1148 4164 1299 4226 vitaeeurn
1313 4172 1549 4245 pertaesumesse

429 4275 551 4348 videtur,
577 4276 740 4356 siquidem
763 4278 858 4339 locum
881 4285 1049 4359 corruptum
1071 4279 1106 4341 ad
1129 4280 1185 4341 lu.
1208 4280 1233 4340 ll
1256 4283 1325 4342 ill
1346 4279 1549 4342 Lambinus

430 4383 501 4444 bene
523 4383 662 4447 restituit:
686 4383 778 4457 „nibil
802 4403 848 4446 rue
869 4384 1084 4458 infortunatius,
1106 4385 1177 4448 nibil
1198 4387 1372 4450 fortunatius
1383 4395 1427 4449 est
1437 4389 1549 4458 Catulo,
