3792 5486
915 697 981 766 lla

628 895 730 954 Solvet
752 901 782 955 et
802 897 833 956 in
856 915 952 957 mores
972 916 1025 956 ora
1046 897 1158 958 diserta
1179 918 1275 977 mecm

1145 1015 1207 1089 (Tr.
1229 1017 1279 1074 111
1303 1019 1379 1094 112,
1404 1019 1465 1092 20.)

564 1126 647 1196 Quae
669 1128 723 1186 tibi
746 1147 793 1187 res
813 1130 929 1188 animos
950 1130 980 1188 in
1004 1149 1051 1189 me
1072 1130 1143 1188 lacit
1163 1132 1318 1208 improbe?

1273 1248 1335 1323 (Tr.
1356 1249 1384 1306 V
1406 1250 1466 1321 83)

623 1359 720 1417 Iactat
740 1365 770 1418 et
790 1361 821 1418 in
844 1365 905 1419 toto
928 1363 1049 1420 nomina
1070 1367 1171 1422 nostra
1192 1361 1272 1438 lor-03

1319 1477 1394 1557 (Ibis
1417 1481 1466 1552 14)

625 1591 730 1650 Latrat
751 1597 781 1650 et
802 1592 833 1650 in
855 1598 917 1652 toto
940 1593 1031 1652 verba
1052 1595 1159 1652 canina
1180 1594 1254 1653 loro.

1316 1711 1372 1786 (Ib.
1394 1713 1466 1782 232)

385 1839 521 1909 Fecisse
542 1840 574 1908 id
600 1855 719 1908 autem
745 1847 923 1929 potest...
948 1843 1037 1910 lucri
1062 1841 1254 1932 cupiditate
1278 1845 1351 1911 sive
1379 1864 1504 1933 perpe·

384 1966 455 2033 tuis
492 1966 595 2033 minis
618 1967 691 2034 suis
715 1965 760 2034 ab
784 1964 899 2034 Ovidii
922 1987 1031 2035 uxore
1054 1975 1090 2034 et
1112 1968 1235 2036 amicis
1258 1966 1387 2036 silentii
1412 1958 1505 2035 mer-

384 2090 505 2159 cedem
541 2098 750 2179 extorquere
774 2091 920 2170 studuit,
944 2092 1027 2170 sive,
1051 2091 1145 2180 quod
1167 2091 1269 2160 bodie
1288 2094 1504 2182 ignoramus,

385 2215 479 2304 leges
514 2214 622 2284 Iuliae
659 2216 851 2283 maiestatis
886 2215 1090 2305 paulopost
1114 2216 1229 2284 Ovidii
1253 2215 1502 2305 relegationem

289 2434 290 2439 ἵ
384 2341 606 2410 introductae
630 2349 771 2429 praeter
795 2339 854 2407 illa
878 2340 921 2407 de
944 2339 1143 2409 accusando
1167 2348 1306 2426 novata,
1330 2361 1422 2429 quae
1454 2340 1503 2408 le·

383 2464 499 2553 gimus
513 2465 610 2554 Digg.
632 2465 721 2547 lac,
734 2465 764 2548 7,
778 2466 884 2533 etiam
898 2467 1094 2534 accusatori
1107 2467 1304 2555 praemium
1317 2471 1353 2533 et
1365 2471 1501 2555 partem

386 2586 558 2655 bonorum
580 2589 738 2656 damnati
758 2589 974 2673 addixerint3
988 2589 1137 2678 probare
1151 2590 1216 2658 boc
1232 2589 1368 2658 videtur
1383 2609 1503 2657 versus

622 2759 684 2818 Nec
706 2759 779 2818 mihi
800 2758 948 2818 detractae
969 2758 1098 2836 possidet
1118 2759 1194 2818 alter
1214 2778 1300 2838 opes3

1232 2876 1293 2950 (Tr.
1315 2875 1361 2934 1v
1382 2875 1464 2954 Md)

383 3026 463 3094 Tac.
489 3026 580 3094 Anu.
607 3025 618 3092 l
643 3025 687 3092 74
711 3025 758 3115 [a.
782 3024 827 3092 15
851 3047 882 3113 p.
903 3025 983 3094 Chr.
1009 3046 1061 3092 n.:
1086 3024 1257 3093 Granium
1284 3023 1502 3108 Marcellum,

383 3158 581 3240 praetorem
618 3150 814 3237 Bithyniae,
846 3155 1012 3239 quaestor
1036 3149 1146 3238 ipsius
1169 3149 1297 3239 Caepio
1321 3149 1503 3239 Crispinus

384 3277 576 3345 maiestatis
600 3273 800 3365 postulavit,
821 3274 1063 3343 subscribente
1082 3271 1241 3344 Romano
1256 3275 1428 3364 Hispone;
1442 3274 1502 3362 qui

383 3401 533 3469 formam
575 3401 665 3468 vitae
709 3399 795 3482 iniit,
831 3419 937 3487 quam
976 3406 1095 3488 postea
1130 3399 1305 3468 celebrem
1342 3401 1503 3469 miseriae

383 3535 582 3615 temporum
607 3531 642 3592 ct
665 3523 833 3592 audaciae
860 3524 1040 3591 bominum
1065 3523 1255 3613 lecerunt]‚
1281 3522 1368 3591 1132
1381 3523 1428 3614 [a.
1442 3523 1502 3592 lo:

384 3649 481 3717 Bona
524 3648 710 3734 (Scribonii
755 3647 908 3726 Libonis,
952 3649 1099 3716 crimine
1144 3647 1346 3715 molitarum
1381 3667 1502 3714 rerum

383 3793 555 3842 novarum
587 3773 758 3858 accusati)
782 3773 875 3842 inter
898 3780 1122 3842 accusatores
1146 3769 1380 3862 dividuntur}
1416 3770 1504 3839 Utut

382 3908 445 3976 est,
481 3897 558 3966 illas
592 3899 695 3985 leges
731 3917 820 3985 quas
855 3896 984 3965 Tiberii
1017 3897 1192 3986 imprimis
1223 3896 1390 3963 instinctu
1415 3895 1504 3963 latas

383 4043 493 4113 paene
528 4028 664 4091 certum
700 4029 764 4096 est.
799 4022 957 4089 animum
994 4021 1168 4089 addidisse
1193 4019 1280 4087 lbidi
1305 4020 1502 4109 putaverim

382 4147 512 4235 aliquid
539 4147 572 4213 in
599 4145 763 4214 Ovidium
790 4145 958 4230 minandi,
983 4146 1141 4235 parandi,
1166 4150 1211 4229 et,
1235 4145 1264 4212 si
1288 4163 1377 4233 opus
1400 4151 1502 4223 esset,

382 4272 546 4340 audendi.
565 4272 740 4340 Nimirum
754 4269 810 4337 lex
823 4270 911 4339 lulie
924 4274 1106 4360 posterior,
1120 4291 1212 4359 quae
1225 4267 1502 4358 perduellionem

383 4418 404 4464 a
442 4398 632 4465 maiestatis
667 4395 813 4464 crimine
849 4395 1016 4478 distinxit,
1051 4394 1148 4462 illam
1181 4391 1304 4461 saltem
1330 4411 1445 4481 aquae
1468 4396 1503 4458 et
