3792 5486
826 742 893 809 115

298 962 445 1032 corpore
468 947 504 1010 et
527 940 645 1010 auimo
669 939 851 1010 conlecta”
872 939 929 1023 (ad
943 938 967 1007 f.
980 938 1061 1006 XIV
1072 937 1161 1026 4.3):
1184 939 1418 1027 „Curaquod

300 1074 408 1157 potes,
445 1074 484 1135 ut
520 1065 636 1134 valeas
667 1064 729 1153 (ib.
761 1064 817 1154 6);
844 1063 1080 1132 valetudinem
1104 1065 1208 1132 istam
1229 1062 1418 1146 infirmam,

298 1193 326 1260 si
352 1211 538 1276 meamea,
563 1189 635 1259 noli
659 1209 787 1258 vexare
802 1242 809 1257 .
824 1239 854 1258 ..
879 1188 994 1257 omnis
1018 1188 1156 1258 labores
1179 1195 1214 1257 te
1242 1189 1420 1276 suscipere

301 1316 409 1398 video,
433 1316 551 1397 timeo,
575 1321 616 1384 ut
639 1315 881 1383 sustineas...
906 1333 977 1403 qua
1002 1332 1049 1396 re,
1074 1317 1113 1381 ut
1133 1312 1167 1381 id
1188 1313 1282 1402 quod
1299 1332 1421 1403 speras

298 1445 334 1507 et
367 1439 460 1530 quod
493 1441 579 1529 agis,
609 1458 879 1527 consequamur,
915 1437 1006 1506 servi
1033 1436 1222 1506 valetudini
1247 1437 1309 1525 (ib.
1331 1435 1419 1522 2.3);

302 1563 387 1632 mihi
420 1572 502 1633 ante
526 1564 646 1634 oculos
670 1565 743 1633 dies
767 1571 958 1654 noctesque
983 1568 1209 1631 versatur...
1233 1560 1420 1631 iufirmitas

301 1689 510 1758 valetudinis
532 1696 615 1758 tuae
640 1688 700 1775 (ib.
724 1687 812 1774 3.‘l);
836 1709 933 1771 cura,
958 1695 997 1757 ut
1024 1687 1139 1756 valeas
1162 1686 1224 1775 (ib.
1247 1687 1318 1776 5).”

344 1813 421 1882 Non
445 1819 564 1882 tamen
591 1815 697 1882 unius
716 1813 901 1882 Terentiae
914 1813 972 1881 sed
987 1813 1094 1881 etiam
1107 1831 1172 1881 sua
1184 1833 1291 1881 causa
1304 1812 1419 1880 valere

299 1959 376 2008 eam
411 1940 526 2028 cupit:
569 1938 631 2024 „ln
668 1946 702 2007 te
730 1939 824 2006 enim
849 1944 933 2005 sunt
955 1937 1075 2006 omnia
1098 1937 1155 2022 (ad
1181 1936 1203 2005 l.
1227 1936 1308 2006 XlV
1330 1936 1418 2022 2.3);

299 2069 335 2132 et
366 2063 492 2132 litteris
528 2064 719 2132 multorum
752 2068 788 2131 et
807 2082 969 2132 sermone
993 2063 1150 2131 omnium
1173 2060 1350 2151 perfertur
1373 2062 1417 2131 ad

299 2208 366 2270 me,
400 2187 641 2256 incredibilem
675 2193 774 2256 tuam
813 2188 979 2255 virtutem
1016 2192 1052 2254 et
1076 2187 1317 2255 fortitudinem
1342 2207 1418 2256 esse

298 2317 404 2401 teque
439 2332 504 2380 nec
539 2313 646 2382 animi
683 2331 799 2401 neque
839 2313 995 2400 corporis
1026 2310 1206 2380 laboribus
1234 2311 1417 2401 defatigari

298 2436 357 2521 (ib.
386 2436 474 2525 l.l);
498 2457 578 2506 cum
604 2438 713 2506 sciam
739 2457 903 2526 magnam
929 2442 1065 2525 partem
1090 2437 1192 2505 istius
1214 2437 1331 2505 oneris
1353 2436 1416 2505 abs

298 2568 332 2628 te
366 2562 532 2630 sustineri
563 2559 625 2648 (ib.
649 2558 734 2646 3.5);
758 2561 943 2648 coniugem
970 2580 1026 2628 me
1050 2561 1214 2650 prosequi
1238 2581 1307 2629 non
1336 2581 1415 2629 sum

299 2703 432 2774 passus,
468 2693 508 2754 ut
542 2693 643 2769 esset,
669 2705 761 2774 quae
784 2685 951 2774 reliquias
974 2685 1172 2753 communis
1195 2684 1416 2766 calamitatis

298 2811 496 2890 communis
529 2810 658 2879 liberos
693 2817 854 2879 tueretur
889 2809 949 2891 (ad
986 2807 1026 2889 Q.
1054 2809 1097 2876 fr.
1128 2807 1268 2896 Ι3.3).”
1294 2809 1416 2900 Neque

297 2935 405 3023 igitur
427 2955 530 3024 opem
553 2937 630 3004 eius
654 2935 1006 3019 „aerumnosissimae
1032 2934 1188 3002 mulieris
1209 2934 1415 3004 Terentiam

299 3065 448 3128 mortem
472 3060 538 3128 sibi
550 3058 798 3128 consciscendo
813 3059 888 3127 vult
906 3058 1079 3126 frustrare
1092 3059 1151 3146 (ao
1166 3058 1237 3127 Att.
1251 3059 1300 3127 lll
1313 3059 1414 3146 192).

298 3181 357 3250 Sin
390 3188 510 3251 autem
542 3183 660 3273 aliqua
688 3203 794 3252 causa
827 3203 863 3250 se
895 3181 1030 3271 perdat,
1062 3183 1232 3262 Atticum,
1256 3185 1317 3273 qui
1346 3186 1415 3253 iam

297 3306 436 3394 saepius
460 3305 644 3375 Terentiae
666 3311 806 3395 praesto
830 3305 948 3374 fuerat
970 3314 1007 3376 et
1033 3306 1179 3376 obeam
1203 3328 1278 3376 rem
1304 3330 1325 3376 a
1359 3309 1415 3378 ci-

297 3449 422 3498 cerone
467 3430 650 3500 Terentiae
692 3432 835 3499 nomine
878 3433 1074 3520 gratiarum
1120 3435 1276 3502 actiones
1316 3454 1416 3503 acce·

299 3560 397 3642 perat
432 3554 493 3636 ub.
528 3555 584 3623 aa
613 3562 649 3625 et
671 3554 752 3644 93),
777 3561 856 3624 orat
878 3561 913 3624 et
937 3555 1108 3638 obsecrat,
1134 3565 1174 3626 ut
1197 3578 1279 3627 cum
1300 3567 1418 3628 cetera

298 3676 431 3746 familia
461 3700 606 3748 uxorem
631 3700 772 3770 quoque
796 3686 940 3748 tueatur
962 3679 1070 3769 (19.3)
1083 3689 1128 3766 et,
1149 3683 1265 3771 quoad
1278 3685 1417 3773 poterit,

298 3822 405 3870 uuam
440 3805 599 3872 omnium
631 3805 978 3873 aerumnosissimam
1003 3807 1075 3875 suis
1099 3807 1221 3876 officiis
1244 3816 1418 3878 sustentet

297 3925 416 4016 (aa).
442 3967 486 3979 -

343 4051 392 4120 Ex
424 4051 588 4121 Terentia
619 4053 778 4122 Ciceroni
811 4057 927 4144 prima
959 4061 1043 4123 nata
1066 4063 1120 4125 est
1143 4056 1304 4134 Tullia,
1329 4079 1417 4148 quas

298 4177 517 4261 „deliciolas”
543 4197 624 4247 suas
648 4178 709 4267 (ad
733 4177 805 4246 Att.
830 4178 845 4245 Ι
868 4177 924 4248 8.3
946 4187 982 4247 et
1004 4179 1077 4267 5.8)
1101 4187 1172 4249 tam
1193 4183 1418 4251 vehementer

297 4299 449 4379 amabat,
474 4309 513 4369 ut
537 4302 579 4369 de
603 4321 666 4370 suo
690 4302 725 4369 in
750 4322 829 4370 eam
854 4323 974 4372 amore
998 4305 1033 4372 in
1059 4307 1216 4375 oratione
1239 4308 1418 4397 scriptaet

297 4425 477 4515 publicata
510 4426 623 4512 (Verr.
658 4427 689 4494 ll
722 4426 837 4515 iffi)
861 4429 929 4496 iam
956 4428 1173 4519 loqueretur,
1198 4453 1278 4500 cum
1303 4431 1418 4501 Tullia
