3792 5486
944 701 1010 770 152

415 902 605 989 impatiens
639 907 684 984 et,
720 901 763 968 ad
801 901 1057 990 opperiendum
1080 899 1311 969 nihilominus
1332 898 1534 983 damnatus,

415 1029 567 1096 iniustus
590 1033 626 1095 at
649 1027 759 1095 nimia
781 1028 1044 1116 concupiscens
1070 1026 1281 1096 Tulliusaut
1296 1046 1365 1094 non
1382 1031 1532 1095 recteea

415 1152 636 1236 aestimabat,
659 1157 732 1237 aut,
757 1152 849 1240 quod
876 1152 973 1220 nulla
985 1153 1021 1220 in
1036 1172 1073 1220 re
1086 1151 1168 1220 felix
1181 1151 1247 1219 sibi
1261 1149 1371 1218 videri
1385 1149 1533 1229 volebat,

415 1277 458 1344 de
493 1278 535 1345 iis
570 1279 742 1365 queritur.
778 1275 1034 1366 Obiurgantem
1070 1277 1224 1346 amicum
1258 1281 1297 1344 ut
1321 1274 1455 1343 firmior
1479 1275 1534 1359 sit,

416 1423 484 1470 non
523 1401 667 1490 patitur,
702 1406 743 1470 ut
776 1401 884 1470 Attici
919 1401 1018 1470 dolor
1054 1421 1158 1470 varus
1182 1401 1228 1468 sit
1252 1407 1402 1484 veretur,
1428 1399 1532 1468 fidem

416 1525 522 1594 etiam
558 1532 702 1594 accusat
735 1526 833 1615 (licet
867 1537 971 1616 neget
1006 1546 1042 1594 se
1074 1526 1140 1594 hoc
1163 1527 1304 1611 facere),
1329 1525 1441 1594 credit
1463 1546 1533 1593 non

418 1669 500 1718 vera
535 1649 601 1717 sibi
637 1650 792 1718 narrari:
829 1649 942 1734 „Nam
978 1651 1071 1739 quod
1097 1671 1152 1718 me
1177 1658 1250 1720 tarn
1276 1670 1379 1738 saepe
1402 1655 1534 1718 ettam

418 1772 646 1842 vehementer
669 1773 835 1863 obiurgas
859 1781 893 1843 et
910 1775 1027 1844 animo
1041 1775 1181 1844 infirmo
1193 1795 1269 1844 esse
1282 1776 1379 1858 dicis,
1392 1794 1534 1864 quaeso,

417 1899 552 1987 ecquod
575 1904 715 1968 tantum
743 1900 874 1968 malum
899 1907 962 1980 est,
986 1901 1079 1989 quod
1103 1902 1138 1968 in
1161 1920 1239 1968 mea
1251 1899 1451 1969 calamitate
1463 1918 1534 1968 non

418 2024 506 2092 siti.
521 2075 551 2092 ..
576 2025 641 2093 Hic
665 2033 787 2093 utrum
811 2025 955 2093 tandem
980 2045 1058 2093 sum
1072 2023 1534 2113 accusandus,quoddole0,

418 2170 475 2228 an,
509 2149 603 2238 quod
638 2150 808 2233 commisi,
844 2156 884 2218 ut
918 2150 1004 2218 haec
1035 2154 1191 2218 autnon
1216 2150 1416 2235 retinerem,
1440 2150 1535 2239 quod

418 2274 521 2343 facile
552 2273 686 2356 fuisset,
711 2274 777 2341 nisi
801 2275 894 2343 intra
918 2274 1070 2362 parietes
1094 2293 1190 2343 meos
1214 2274 1256 2342 de
1283 2295 1361 2343 mea
1381 2275 1535 2363 pernicie

417 2399 563 2467 consilia
586 2399 771 2482 mirentur,
796 2407 857 2467 aut
881 2405 975 2467 certa
1001 2399 1100 2467 vivus
1119 2419 1189 2467 non
1203 2400 1535 2469 amitteremtflaec

417 2543 459 2591 eo
494 2523 628 2610 scripsi,
664 2528 704 2591 ut
737 2524 853 2611 potius
889 2523 1063 2592 relevares
1095 2543 1161 2609 me,
1186 2524 1279 2612 quod
1304 2523 1401 2609 facis,
1426 2544 1535 2613 quarn

419 2655 458 2717 ut
492 2649 721 2736 castigatione
756 2655 818 2717 aut
852 2649 1095 2739 obiurgatione
1130 2648 1276 2738 dignum
1308 2656 1453 2740 putares
1476 2649 1534 2736 (ad

418 2773 490 2840 Att.
516 2772 564 2840 111
588 2772 665 2841 102
689 2773 767 2862 sq.).
793 2773 988 2862 Obiurgare
1013 2793 1095 2843 vero
1119 2774 1201 2856 noli,
1225 2775 1319 2863 quod
1343 2795 1423 2842 cum
1438 2775 1534 2861 sacia,

419 2903 459 2966 ut
493 2917 558 2985 ego
594 2903 695 2966 tuum
731 2919 886 2968 amorem
911 2906 947 2967 et
971 2898 1127 2968 dolorem
1152 2899 1329 2967 desidero!
1356 2919 1461 2988 quem
1486 2901 1535 2968 ita

419 3020 585 3090 affectum
618 3043 697 3090 mea
720 3043 891 3091 aerumna
914 3023 1077 3108 arbitror,
1101 3030 1142 3091 ut
1163 3029 1199 3091 te
1222 3024 1338 3113 ipsum
1363 3024 1536 3093 consolari

418 3166 522 3214 nemo
559 3148 668 3234 possit
701 3147 763 3236 (ib.
798 3146 901 3236 112).
938 3147 1003 3216 Hic
1036 3155 1075 3216 tu
1101 3168 1156 3216 me
1180 3168 1335 3233 accusas
1360 3148 1454 3236 quod
1481 3169 1535 3216 me

419 3270 595 3350 aiilictem,
619 3292 701 3339 curn
724 3271 773 3339 ita
797 3273 863 3340 sim
887 3272 1048 3357 afflictus,
1073 3280 1113 3340 ut
1129 3293 1232 3342 nemo
1246 3293 1427 3361 umquam,
1441 3273 1534 3362 quod

419 3401 495 3462 tute
518 3395 685 3484 intelligis
708 3395 826 3485 (12.1).
851 3395 949 3475 Quod
977 3417 1033 3464 ma
1056 3417 1160 3486 saepe
1184 3417 1340 3482 accusaa
1364 3419 1428 3468 cur
1443 3398 1536 3466 hunc

421 3539 538 3587 meum
564 3540 684 3588 casum
709 3525 781 3587 tam
806 3521 961 3609 graviter
980 3520 1104 3605 feram,
1125 3522 1231 3590 debes
1249 3522 1440 3611 ignoscere,
1454 3542 1535 3589 cum

419 3644 468 3710 ita
492 3662 549 3710 me
572 3643 740 3711 afflictum
763 3643 890 3728 videaS,
906 3651 944 3711 ut
956 3645 1134 3712 neminem
1148 3667 1317 3735 umquam
1331 3666 1396 3714 nec
1410 3646 1537 3713 videris

420 3787 485 3835 nec
519 3767 673 3835 audieris
708 3766 827 3856 (13.9).
863 3768 934 3837 Nos
965 3768 1155 3858 aliquando
1180 3776 1243 3838 aut
1266 3771 1452 3858 obiurgare
1474 3779 1537 3838 aut

421 3892 569 3960 comiter
592 3891 763 3960 consolari
789 3892 908 3961 desine
933 3891 1023 3979 (15.7
1048 3894 1091 3962 cs.
1116 3893 1161 3962 ib.
1186 3894 1257 3982 i).”

464 4016 639 4101 „Tantum
684 4024 718 4085 te
760 4038 833 4101 oro,
867 4026 916 4102 ut,
952 4019 1119 4107 quoniam
1156 4039 1211 4086 me
1246 4021 1363 4109 ipsum
1397 4037 1537 4106 semper

420 4142 557 4225 amasti,
601 4147 641 4209 ut
674 4142 797 4210 eodem
833 4163 952 4211 amore
988 4144 1053 4226 sis3
1088 4163 1152 4232 ego
1188 4143 1283 4211 enim
1317 4143 1410 4212 idem
1447 4163 1536 4212 sum.

421 4264 557 4335 Inimici
582 4267 650 4333 mei
675 4287 753 4334 mea
777 4267 873 4352 rnihi,
898 4287 968 4335 non
987 4288 1042 4334 me
1054 4268 1171 4355 ipsum
1185 4267 1395 4336 ademerunt
1407 4269 1476 4356 (ep.
1489 4267 1535 4354 5).

423 4388 468 4458 Ut
491 4409 554 4477 ego
578 4396 680 4460 tuurn
704 4411 862 4459 amorem
886 4398 921 4460 et
944 4391 1101 4460 dolorem
1125 4391 1298 4461 desidero!
1324 4391 1465 4482 (ti.a).”
