3792 5486
940 669 1007 740 172

412 888 519 957 quam
544 868 677 953 Cicero,
701 868 746 937 ab
770 889 811 938 eo
835 869 992 958 impense
1014 868 1188 948 laudatus,
1200 867 1323 938 scribit
1334 867 1429 936 hunc
1441 866 1533 936 diem

412 1013 448 1062 se
485 994 584 1063 valde
619 993 745 1063 Crasso
781 995 982 1063 adiunxisse
1018 993 1076 1080 (ad
1103 994 1175 1061 Att.
1201 993 1215 1061 Ι
1239 991 1317 1061 143
1340 995 1419 1082 sq.),
1442 993 1536 1062 inter

411 1120 486 1187 eius
520 1120 652 1189 amicos
688 1121 869 1187 numerari
893 1121 1080 1207 nequit-
1103 1118 1197 1208 quod
1222 1119 1350 1186 mirum
1376 1138 1446 1187 non
1471 1123 1535 1202 est,

411 1263 493 1311 nam
529 1244 653 1312 Crasso
689 1244 783 1334 quod
819 1245 928 1312 sciam
963 1246 1100 1313 amicus
1135 1243 1202 1311 suit
1235 1263 1351 1312 nemo.
1394 1243 1534 1333 Optime

414 1367 535 1436 Cicero
558 1368 730 1437 intellexit
754 1367 932 1452 Crassum,
958 1388 1027 1435 non
1053 1373 1093 1435 ut
1112 1366 1227 1454 ipsum
1243 1365 1307 1435 sibi
1321 1367 1534 1452 conciliaret,

411 1493 470 1560 scd
508 1499 547 1560 ut
582 1493 788 1582 Pompeium
824 1492 1018 1561 offenderet
1053 1499 1163 1578 utque
1187 1491 1325 1559 senatui
1349 1498 1533 1581 acceptum

411 1637 448 1686 se
484 1617 658 1704 redderet,
681 1620 731 1686 ita
755 1637 831 1686 esse
856 1617 1025 1696 locutum,
1052 1616 1135 1705 quia
1160 1616 1368 1704 praesertim
1392 1616 1533 1685 laudem

410 1741 505 1810 illam
531 1763 572 1812 eo
598 1744 715 1811 minus
739 1742 894 1828 deberet,
918 1741 1013 1830 quod
1037 1740 1202 1810 omnibus
1226 1741 1335 1828 ipsius
1359 1741 1533 1810 litterisiu

411 1865 624 1956 Pompeiana
659 1867 763 1936 laude
799 1868 1008 1956 perstrictus
1043 1871 1144 1934 esset.
1169 1864 1261 1945 Quid
1286 1866 1377 1956 quod
1403 1871 1476 1934 tam
1501 1867 1533 1934 ei

411 1990 571 2059 infensus
594 2000 681 2076 erat,
696 1998 734 2061 ut
747 1990 868 2061 Cicero
882 1992 1012 2061 diceret
1027 1990 1232 2080 Pompeium
1247 1991 1365 2058 animo
1378 1990 1533 2059 fractum

413 2116 653 2204 spectaculum
668 2118 729 2185 uni
743 2116 868 2186 Crasso
881 2116 1077 2186 iucundum
1088 2116 1256 2206 praebere
1268 2121 1278 2183 t
1283 2115 1329 2184 ib.
1340 2115 1482 2201 liuto).
1493 2155 1532 2165 -

457 2240 557 2309 Brevi
584 2248 663 2331 post
685 2242 819 2310 iudices
843 2240 1028 2311 Clodianos
1051 2242 1220 2330 corrupit,
1243 2241 1403 2328 iuvitque
1425 2240 1535 2330 igitur

414 2366 592 2435 Ciceronis
625 2365 886 2435 adversarium:
923 2366 1045 2450 „Nosti
1069 2364 1215 2436 Calvum
1240 2386 1283 2433 ex
1308 2363 1533 2450 Nanneianis

411 2490 510 2558 illum
546 2489 766 2559 laudatorem
804 2509 934 2574 meum,
970 2490 1013 2558 de
1047 2491 1149 2558 cuius
1183 2491 1341 2558 oratione
1368 2509 1452 2578 erga
1477 2509 1533 2557 me

413 2613 605 2682 honorifica
640 2613 683 2681 ad
713 2617 748 2682 te
772 2614 1001 2703 scripseram:
1026 2613 1132 2682 biduo
1157 2634 1354 2703 perunum
1380 2633 1534 2690 servum.

409 2745 445 2806 et
478 2758 560 2807 eum
597 2758 639 2806 ex
674 2738 882 2828 gladiatorio
918 2738 1012 2818 ludo,
1037 2738 1187 2807 confecit
1210 2744 1325 2807 totum
1350 2740 1530 2828 negotium

409 2862 471 2948 (ib.
495 2863 509 2931 1
535 2862 661 2950 lo.5).”

447 2985 1532 3078 lncausapublicanorumAsianorum,quosCrassusimpulit,

411 3119 450 3180 ut
475 3111 651 3201 postulare
668 3112 852 3192 auderent,
866 3120 905 3181 ut
917 3112 1044 3182 locatio
1059 3112 1280 3201 vectigalium
1294 3135 1315 3180 a
1328 3110 1534 3182 censoribus

409 3235 648 3319 induceretur,
674 3237 794 3306 Cicero
819 3237 961 3305 adiutor
984 3238 1017 3304 ei
1042 3237 1120 3321 fuit,
1144 3237 1228 3324 quia
1252 3255 1432 3305 summum
1457 3242 1534 3304 orat

410 3361 618 3448 periculum,
643 3379 697 3444 ne,
723 3362 751 3428 si
774 3361 862 3429 nihil
887 3361 1148 3450 impetrassent,
1169 3359 1272 3450 plane
1293 3360 1534 3429 alienarentur

409 3506 430 3552 a
472 3492 595 3552 senatu
633 3485 694 3571 (ib.
730 3485 833 3574 179).
869 3485 957 3553 Cum
994 3491 1113 3554 autem
1151 3483 1293 3553 Clodius
1328 3483 1532 3553 Ciceronem

409 3616 671 3697 aggressusest
695 3609 763 3693 „M.
788 3608 913 3678 Crasso
939 3617 1082 3679 auctore
1098 3629 1189 3700 quae
1204 3608 1404 3678 faciebatse
1417 3608 1534 3679 fucere

409 3732 605 3802 clamabat”
645 3733 704 3821 (de
741 3733 815 3802 har.
854 3755 944 3823 resp.
982 3733 1041 3823 47)
1077 3742 1113 3802 et
1146 3754 1227 3802 eum
1263 3733 1532 3803 infestissimum

408 3857 586 3926 Ciceronis
621 3858 773 3926 fortunis
809 3858 1033 3948 praedicabat
1059 3861 1138 3948 (pro
1163 3858 1251 3927 Sest.
1277 3856 1533 3943 eutolmium

410 4002 478 4049 non
513 4002 649 4050 errasse
686 3983 873 4052 verisimile
898 3983 1052 4051 reddunt
1078 3983 1122 4050 ad
1148 3981 1395 4052 Att.1122.5:
1422 3981 1533 4066 „Puto

410 4081 614 4194 Pompeium
640 4127 660 4174 a
684 4106 809 4177 Crasso
824 4109 962 4196 urgeri”
977 4109 1041 4193 (ita
1054 4107 1253 4197 Tyrroll)
1272 4114 1308 4176 et
1320 4127 1363 4176 ex
1375 4107 1534 4197 epistulis

409 4229 451 4297 de
474 4231 577 4299 exilio
600 4231 709 4314 locus,
735 4231 793 4298 ubi
819 4230 985 4300 Crassum
1000 4233 1177 4301 nominat:
1192 4231 1253 4317 „ln
1268 4233 1368 4301 novis
1380 4232 1534 4300 tribunis

412 4353 457 4446 pl.
483 4353 645 4445 intellego
670 4375 768 4446 spem
792 4361 827 4423 te
853 4355 993 4424 habere.
1019 4355 1057 4423 Id
1081 4357 1150 4425 erit
1172 4355 1327 4440 firmum,
1348 4357 1378 4424 si
1390 4355 1534 4446 Pompei
