3734 5518
1014 695 1036 764 4

461 895 522 964 sed
546 901 647 985 pater
671 895 759 963 filios
783 895 913 962 Romae
938 893 1111 962 secundos
1134 915 1241 983 quam
1267 896 1300 962 in
1317 897 1431 985 patrio
1452 896 1579 986 oppido

461 1019 594 1108 primos
628 1039 704 1088 esse
741 1018 874 1088 maluit.
910 1019 1034 1108 ltaque
1070 1020 1138 1087 iam
1165 1027 1303 1088 mature
1328 1020 1474 1089 Publius
1497 1041 1578 1089 cum

460 1143 570 1213 fratre
596 1146 726 1213 maiore
751 1146 897 1213 Romam
922 1145 1017 1212 missi
1041 1154 1134 1222 sunt,
1149 1153 1306 1234 utquam
1321 1145 1578 1235 amplissimum

459 1269 608 1356 gradum
646 1269 826 1358 dignitatis
860 1269 1071 1338 obtinerent.
1096 1268 1184 1337 (lum
1210 1269 1424 1359 reipublicae
1450 1270 1579 1338 liberae

460 1394 679 1482 temporibus
714 1394 906 1484 plurimum
934 1393 1165 1483 profecissent
1187 1395 1333 1462 iuvenes
1357 1395 1579 1484 eloquentiae

460 1519 618 1602 studiosi,
653 1519 688 1586 in
714 1519 868 1588 oratoria
892 1527 967 1586 arte
992 1539 1135 1608 operam
1161 1538 1368 1587 consumere
1393 1517 1578 1608 oportebat

459 1663 530 1725 eoa,
562 1643 691 1732 quibus
714 1644 749 1711 in
775 1644 893 1711 animo
917 1649 994 1710 erat
1018 1643 1168 1711 honores
1192 1648 1368 1732 appetere.
1395 1642 1577 1712 Secundae

459 1769 553 1836 enim
589 1769 624 1838 in
672 1790 710 1837 re
755 1769 898 1836 militari
936 1769 1098 1836 fortunae
1147 1767 1281 1836 occasio
1322 1788 1391 1836 non
1427 1766 1579 1856 amplius

461 1891 622 1974 dabatur,
658 1899 844 1982 postquam
882 1893 1012 1978 „deus”
1050 1893 1182 1962 mundo
1214 1893 1306 1976 „otia
1330 1891 1434 1961 secit”
1460 1891 1578 1977 (Verg.

460 2015 531 2086 Ecl.
566 2017 581 2084 I
615 2020 651 2103 o)
685 2024 721 2087 et
754 2019 899 2108 insuper
935 2018 971 2086 P.
1009 2017 1132 2086 Ouidio
1156 2017 1270 2085 debile
1294 2037 1422 2106 corpus
1444 2023 1523 2084 erat
1538 2018 1577 2105 ¹).

461 2140 527 2209 Sed
564 2162 634 2210 non
673 2143 783 2230 magis
817 2143 967 2211 oratoris
998 2147 1114 2224 „artes
1143 2141 1308 2210 severae”
1333 2141 1405 2226 (Tr.
1430 2140 1572 2228 1957),

460 2263 588 2348 „fortia
612 2266 748 2335 verbosi
772 2287 872 2334 arma
896 2267 984 2335 fori”
1009 2267 1081 2351 (Tr.
1106 2265 1152 2333 Ν
1176 2265 1291 2354 1018)
1309 2285 1415 2354 qnam
1433 2285 1578 2354 „aspera

461 2388 604 2456 militiae
628 2391 843 2458 certamina''
868 2391 941 2478 (Tr.
967 2391 1013 2458 Ν
1033 2389 1578 2478 tlt)oblectabantadulescen-

459 2520 542 2592 tem,
582 2512 662 2582 licet
701 2514 839 2584 usitatis
874 2515 1131 2584 rhetoricarum
1167 2515 1367 2583 scholarum
1404 2515 1577 2583 exercita·

461 2636 616 2705 tionibus
650 2658 720 2706 non
757 2637 943 2708 infeliciter
966 2659 1108 2728 operam
1134 2639 1280 2722 dederit,
1304 2645 1344 2707 ut
1363 2639 1580 2708 certissimus

460 2760 559 2828 testis
590 2761 757 2830 affirmat:
792 2784 894 2847 „cnm
919 2764 1078 2832 studeret
1103 2763 1298 2832 habebatur
1322 2763 1435 2832 bonus
1458 2763 1575 2832 decla·

460 2885 616 2968 mator'’;
641 2886 884 2968 „declamabat
907 2893 1026 2956 autem
1052 2887 1145 2955 Naso
1169 2908 1249 2956 raro
1273 2889 1579 2956 controversiaset

460 3029 529 3077 non
555 3009 620 3078 nisi
644 3010 796 3096 etbioas;
820 3011 987 3080 libentius
1010 3012 1150 3082 dicebat
1173 3013 1371 3080 suasorias''
1396 3013 1444 3079 ita
1457 3019 1578 3080 tamen

459 3139 499 3201 ut
524 3135 658 3218 „oratio
681 3136 757 3203 eius
781 3137 851 3204 iam
875 3143 952 3204 tum
977 3137 1063 3204 nibil
1088 3136 1182 3204 aliud
1210 3142 1327 3225 posset
1348 3135 1577 3225 videriquam

460 3257 614 3326 solutum
651 3261 816 3328 carmen”
853 3261 1003 3348 (Seneca
1038 3262 1091 3330 rb.
1127 3267 1239 3330 contr.
1264 3259 1294 3328 ll
1318 3260 1340 3327 2
1364 3281 1371 3326 :
1396 3259 1429 3340 9,
1452 3259 1506 3344 ta,
1530 3260 1579 3346 8),

460 3381 553 3470 quod
578 3383 652 3471 ipse
676 3404 817 3474 quoque
841 3385 885 3454 de
909 3405 945 3454 se
969 3406 1080 3475 paene
1105 3406 1215 3474 puero
1243 3385 1360 3454 adbuc
1374 3383 1577 3473 profitetur:

540 3561 675 3620 Scribere
697 3563 878 3639 temptabam
902 3563 992 3622 verba
1013 3563 1111 3622 soluta
1133 3562 1236 3622 modis.

499 3675 609 3753 Sponte
630 3695 684 3735 sua
704 3696 822 3736 carmen
845 3696 984 3738 numeros
1006 3678 1145 3737 veniebat
1165 3677 1202 3736 ad
1224 3683 1318 3755 aptos,

540 3791 577 3850 at
595 3792 674 3869 quod
692 3795 873 3871 temptabam
892 3795 1030 3870 seribere,
1049 3812 1153 3856 rersns
1171 3799 1235 3852 erat
1251 3794 1313 3868 (Tr.
1331 3793 1375 3852 IV
1387 3795 1577 3867 tout-26).

504 3950 647 4038 Ingenio
691 3950 807 4039 palam
842 3950 1026 4048 indulgere
1061 3952 1092 4020 ei
1129 3973 1197 4020 non
1234 3951 1351 4036 licuit;
1390 3953 1580 4041 quominus

461 4097 674 4104 μ-ι--.

460 4164 506 4224 Tr.
529 4165 553 4224 ll
577 4167 651 4236 ll0;
674 4165 704 4224 P.
727 4165 763 4225 Ν
786 4167 854 4226 8.l7
876 4184 910 4244 sq
942 4167 1027 4244 (quos
1049 4166 1127 4226 locos
1148 4165 1215 4226 citat
1237 4165 1380 4225 Messon
1401 4163 1464 4225 Vita
1483 4164 1578 4226 Ovidii

460 4297 504 4358 ap.
529 4279 712 4341 Burmann
737 4281 772 4341 Ν
796 4300 823 4360 p.
847 4283 905 4358 (ll),
927 4281 973 4341 'la
996 4281 1034 4341 Ν
1057 4283 1125 4342 alo

499 4397 529 4474 l)
551 4395 607 4456 vid.
629 4395 702 4458 inira
725 4415 786 4476 cap.
807 4395 842 4458 de
864 4396 963 4476 patria.
