3734 5518
832 707 878 776 19

340 905 422 974 Post
468 905 622 974 reditum
669 906 812 975 demum
856 911 1083 996 quaesturam
1124 905 1257 975 Seneca
1293 909 1412 994 petere

297 1029 462 1114 decrevit,
497 1049 605 1118 quam
641 1029 849 1118 dignitatem
876 1035 1086 1099 materterae
1109 1030 1245 1099 ambitu
1269 1031 1413 1098 iuvante

296 1153 446 1242 adeptus
477 1159 530 1221 est
546 1152 584 1241 1).
622 1152 755 1222 Cursus
778 1154 886 1242 igitur
909 1155 1084 1223 honorum
1108 1161 1149 1222 ut
1171 1155 1341 1237 Ciceroni,
1364 1154 1414 1221 ita

297 1276 451 1346 Senecae
485 1277 707 1367 interruptus
738 1284 801 1356 est,
836 1299 919 1348 nam
943 1299 1036 1348 anno
1059 1281 1130 1348 iam
1151 1279 1291 1350 circiter
1313 1277 1358 1346 25
1381 1299 1413 1366 p.

297 1399 378 1469 Cbr.
403 1422 437 1469 n.
453 1401 483 1490 2)
509 1420 655 1469 munere
679 1401 833 1490 quodam
854 1443 892 1451 -
908 1423 950 1470 ex
965 1403 1160 1472 minoribus
1173 1401 1294 1492 procul
1307 1381 1431 1470 dubio'

299 1524 564 1613 magistratibus
589 1566 627 1574 -
654 1546 735 1594 eum
754 1525 854 1614 fungi
867 1528 989 1596 scribit
1001 1534 1102 1615 pater
1116 1529 1156 1615 ³).
1170 1526 1284 1596 Causa
1296 1526 1416 1614 ignota

298 1653 360 1717 est.
386 1649 556 1738 Diepen
570 1649 708 1719 brock
732 1651 781 1740 (p.
806 1653 955 1742 ‘et-35)
975 1654 1104 1722 conicit
1119 1673 1202 1722 eum
1217 1651 1416 1721 valetudine

300 1772 393 1842 mala
427 1780 629 1862 permotum
664 1795 740 1842 esse
769 1782 809 1842 ut
833 1772 1017 1843 consilium
1044 1771 1194 1838 honores
1217 1767 1358 1858 petendi
1381 1772 1417 1836 et

300 1916 425 1966 causas
468 1897 595 1986 agendi
634 1897 799 1984 (‚‚causas
832 1917 937 1985 agere
972 1895 1060 1963 velle
1094 1894 1202 1962 desii'
1237 1913 1291 1980 ep.
1325 1891 1417 1975 492)

301 2020 466 2090 abiceret.
491 2020 664 2109 Equidem
688 2043 758 2090 non
784 2023 884 2091 video
908 2041 972 2090 cur
995 2015 1182 2089 credamne
1205 2017 1327 2107 paucis
1340 2022 1418 2105 post

300 2145 403 2212 annis
436 2143 606 2214 Senecam
638 2147 868 2230 convaluisse,
892 2145 953 2236 qui
976 2143 1154 2232 Caligulae
1177 2143 1251 2210 irae
1275 2146 1419 2229 propter

304 2269 368 2337 hoo
405 2289 516 2336 unum
552 2275 696 2359 ereptus
730 2277 793 2354 est,
829 2271 921 2360 quod
948 2269 1112 2359 phthisici
1138 2267 1232 2336 brevi
1257 2264 1418 2334 morituri
1471 2271 1473 2278 ’

302 2393 454 2482 speciem
481 2393 632 2462 habebat
647 2396 686 2479 4).
706 2394 792 2462 Mihi
805 2395 921 2463 Seiani
934 2390 1216 2484 potiuscrudelis
1228 2389 1419 2458 dominatio

303 2517 480 2602 „subactis
502 2519 574 2590 iam
599 2519 794 2590 cervicibus
817 2520 976 2588 omnium
1000 2525 1037 2586 et
1060 2518 1102 2586 ad
1126 2518 1248 2602 iugum
1262 2513 1418 2583 adactis'’

303 2642 413 2730 (cons.
449 2641 492 2709 ad
527 2641 635 2710 Marc.
659 2641 730 2732 13)
753 2645 789 2712 in
815 2665 922 2713 causa
945 2643 1053 2712 fuisse
1078 2642 1226 2710 videtur.
1252 2639 1417 2708 Attamen

305 2767 391 2838 baec
403 2768 924 2855 parumargumentisstabilire
934 2767 1188 2857 possumus3in
1198 2764 1421 2852 dubioigitur

303 2890 546 2980 relinquamus
570 2911 651 2960 cum
677 2891 825 2980 Lipsio
849 2893 899 2982 (p.
926 2891 1001 2976 XV)
1025 2898 1143 2959 utrum
1170 2886 1422 2979 posterioribus

304 3014 433 3083 Tiberii
456 3016 560 3084 annis
583 3036 628 3083 an
654 3017 830 3106 prioribus
853 3014 1031 3105 Caligulae
1046 3019 1075 3100 ⁶)
1099 3015 1233 3084 Seneca
1255 3018 1422 3103 quaestor

347 3269 376 3342 1)
416 3267 449 3328 ad
473 3267 554 3328 llclv.
567 3285 605 3327 m.
618 3269 696 3336 raa,
718 3265 975 3346 [liepenbroclr
997 3283 1024 3345 p.
1038 3267 1163 3327 36-37.
1176 3265 1240 3335 Quo
1252 3281 1327 3324 auno
1339 3263 1422 3343 plane

305 3382 415 3461 ignoro,
432 3401 498 3444 nam
510 3389 783 3462 argumentumque
804 3381 1070 3462 [liopenbroclr
1092 3381 1194 3451 utitur,
1206 3387 1238 3440 ut
1248 3380 1423 3440 demonstret

306 3497 395 3558 luisse
429 3508 494 3559 ante
527 3517 552 3559 a.
585 3500 622 3560 37
658 3533 689 3542 -
724 3496 844 3576 gratiam
876 3496 978 3558 viduae
1010 3496 1137 3557 Polionis
1169 3513 1226 3556 non
1261 3495 1315 3556 nisi
1347 3495 1422 3574 apud

305 3611 454 3674 'liberium
486 3613 610 3675 valuisse
641 3647 679 3657 -
708 3631 809 3693 parurn
842 3612 958 3674 lirmum
990 3612 1063 3672 milri
1088 3611 1216 3682 videtum
1238 3629 1303 3672 nam
1326 3629 1423 3672 senem

306 3727 438 3788 homines
459 3746 604 3807 perosum,
626 3728 676 3806 qui
699 3727 813 3806 Capreis
835 3727 864 3788 in
888 3745 1001 3788 morosa
1022 3726 1177 3788 solitudine
1199 3727 1315 3797 viveret.
1329 3727 1424 3788 aditus

306 3842 443 3904 facilioris
464 3843 554 3905 luisse
575 3861 663 3923 quam
686 3843 844 3922 Caligulam
865 3843 999 3922 equidem
1022 3861 1078 3904 uun
1100 3842 1279 3903 crediderim.

347 3960 378 4033 2)
399 3958 660 4038 [liepenbroclr
683 3979 710 4039 p.
734 3961 780 4021 33.

349 4075 379 4148 3)
411 4074 476 4135 Seu.
511 4075 554 4136 rh.
586 4082 675 4136 contr.
708 4075 733 4135 ll
765 4077 784 4135 1
815 4080 854 4154 (p.
887 4077 945 4135 116
967 4074 999 4147 Β,
1021 4077 1080 4135 lbi
1100 4074 1153 4149 K):
1176 4073 1426 4152 ,‚navigantibus”‚

308 4187 569 4268 Diopenbroclr
591 4208 618 4268 p.
642 4192 689 4252 31.

349 4305 380 4377 t)
402 4302 455 4364 llio
478 4307 526 4376 59,
548 4307 677 4367 tar-8
697 4309 734 4376 (a.
760 4307 820 4380 39).

351 4421 381 4492 t)
401 4417 552 4499 lipsius
574 4439 600 4501 p.
625 4425 664 4483 89
685 4428 781 4484 annot.
805 4424 874 4494 227,
895 4421 1056 4484 Martens
1077 4441 1103 4501 p.
1126 4425 1154 4482 8.
