3792 5486
984 694 1050 762 llll

454 913 518 963 suo
542 899 613 962 tam
635 893 761 982 opibus
775 894 804 983 1)
828 914 935 984 quam
960 892 1276 962 necessitudinibus
1297 890 1480 960 Terentiae
1511 892 1570 981 (de

454 1017 587 1086 familia
609 1019 686 1086 eius
717 1017 794 1086 vide
829 1037 937 1107 supra
970 1039 1004 1107 p.
1038 1016 1097 1105 29)
1133 1017 1299 1106 percepit,
1334 1035 1453 1085 amore
1490 1037 1570 1087 vero

453 1142 529 1211 eius
563 1149 645 1211 ante
677 1142 821 1210 exilium
852 1142 1037 1210 incensum
1072 1162 1154 1210 eum
1177 1161 1373 1240 numquam
1401 1141 1570 1223 videmus,

452 1266 601 1355 ideoque
631 1267 788 1354 impense
813 1267 996 1350 miramur,
1020 1286 1101 1335 cum
1125 1265 1238 1335 exulis
1261 1266 1304 1334 ad
1327 1286 1471 1335 uxorem
1496 1268 1571 1357 epi-

452 1390 563 1458 stulas
586 1390 746 1480 legimus,
770 1392 803 1460 in
829 1390 959 1480 quibus
981 1389 1201 1460 effusissimis
1226 1389 1340 1459 verbis
1356 1411 1443 1459 usus
1454 1399 1517 1475 est,
1530 1399 1571 1460 ut

451 1515 579 1584 ardens
612 1515 825 1583 desiderium
861 1515 1043 1600 „mulieris
1083 1516 1311 1600 miserrimae,
1348 1513 1569 1585 fidelissimae

452 1640 610 1729 coniugis
633 1639 694 1727 (ad
721 1638 760 1719 Q.
786 1640 829 1709 ir.
854 1640 868 1708 Ι
891 1639 985 1730 3.3)”
1010 1641 1224 1730 exprimeret
1238 1644 1284 1726 ²):
1310 1640 1405 1729 „Ego
1429 1660 1511 1710 vero
1534 1649 1569 1708 te

451 1784 558 1853 quam
591 1765 757 1854 primurn,
792 1785 868 1833 mea
893 1765 975 1848 vita,
998 1766 1102 1854 cupio
1127 1765 1244 1834 videre
1268 1765 1362 1833 etin
1386 1771 1448 1835 tuo
1472 1787 1568 1835 com·

452 1889 557 1979 plexu
592 1890 704 1958 emori
739 1889 797 1974 (ad
825 1888 849 1956 i.
883 1888 964 1958 xlv
997 1889 1077 1974 lat).
1113 1889 1149 1958 Si
1183 1896 1218 1956 te
1239 1889 1361 1975 habeo,
1387 1911 1456 1959 non
1482 1890 1567 1959 mihi

451 2013 595 2083 videbor
629 2014 733 2103 plane
758 2015 888 2103 perisse
912 2014 973 2102 (ib.
997 2013 1044 2100 3).
1068 2014 1099 2082 A
1123 2020 1157 2083 te
1181 2013 1324 2104 quidem
1349 2015 1468 2084 omnia
1491 2015 1567 2084 lieri

450 2138 638 2208 fortissime
671 2145 707 2208 et
741 2139 982 2208 amantissime
1015 2139 1113 2208 video
1144 2139 1206 2226 (ib.
1241 2139 1320 2224 ι22).
1356 2138 1457 2224 Hem,
1489 2160 1567 2209 mea

450 2264 520 2347 lux,
546 2284 663 2332 meum
687 2263 913 2343 desiderium,
938 2263 1032 2332 unde
1055 2283 1178 2332 omnes
1203 2283 1304 2352 opem
1330 2269 1451 2353 petere
1477 2263 1567 2332 sole-

449 2388 544 2468 bant,
579 2395 613 2457 te
648 2407 754 2466 nunc,
790 2407 869 2455 mea
892 2386 1067 2466 Terentia,
1091 2387 1140 2456 sic
1166 2388 1295 2472 vexari,
1319 2387 1368 2456 sic
1392 2387 1506 2457 iecere
1529 2388 1565 2455 in

448 2513 602 2582 lacrimis
624 2517 659 2581 et
682 2511 845 2579 sordibus
866 2510 955 2600 (ib.).
979 2511 1056 2580 Mea
1084 2513 1218 2581 vita...
1243 2512 1329 2581 mihi
1352 2512 1566 2582 auteoculos

447 2636 522 2704 dies
558 2642 748 2726 noctesque
786 2637 935 2704 versaris
970 2636 1031 2724 (ib.
1058 2635 1105 2721 3).
1131 2635 1262 2720 Valete,
1288 2656 1365 2704 mea
1381 2636 1564 2720 desideria,

450 2761 561 2830 valete
595 2761 656 2846 (ib.
691 2759 739 2851 4).
774 2760 822 2828 Te
857 2763 924 2829 ista
960 2761 1100 2844 virtute,
1125 2761 1204 2844 fide,
1228 2760 1413 2850 probitate,
1438 2761 1564 2831 huma·

447 2889 557 2956 nitate
580 2888 616 2955 in
640 2893 758 2954 tantas
781 2905 971 2954 aerumnas
995 2893 1139 2976 propter
1165 2907 1219 2955 me
1232 2886 1396 2955 incidisse
1409 2885 1563 2974 (inin).

446 3011 498 3080 lta
533 3012 596 3079 tibi
633 3011 855 3101 persuadeas,
882 3011 966 3078 mihi
989 3019 1024 3079 te
1048 3012 1165 3080 carius
1189 3010 1276 3078 nihil
1299 3030 1376 3078 esse
1399 3031 1464 3080 nee
1485 3031 1564 3079 um-

445 3156 553 3225 quam
577 3135 686 3204 fuisse
709 3135 770 3221 (ib.
793 3134 895 3221 3.5).”

489 3260 622 3328 lterum
646 3265 754 3349 atque
779 3261 908 3328 iterum
932 3280 1011 3327 eam
1038 3265 1166 3344 mouet,
1181 3265 1221 3328 ut
1235 3259 1426 3328 valetudini
1444 3299 1477 3308 -
1494 3278 1565 3347 qua

445 3405 514 3452 non
540 3383 643 3452 firma
668 3385 834 3453 utebatur
856 3391 960 3452 antea
984 3405 1125 3475 quoque
1138 3384 1371 3453 articulorum
1384 3383 1565 3453 doloribus

446 3515 569 3578 vexata
592 3509 650 3595 (ad
681 3507 882 3593 An.15.8)
908 3548 946 3557 -
971 3508 1031 3577 det
1054 3529 1198 3598 operam
1224 3508 1376 3594 „mulier
1398 3528 1505 3595 aegre
1530 3514 1565 3576 et

484 3813 514 3890 l)
557 3813 596 3872 lle
616 3811 764 3872 Terentiae
786 3811 826 3872 rei
847 3811 997 3873 familiaris
1018 3819 1093 3873 statu
1115 3812 1200 3872 exule
1222 3811 1358 3872 Cicerone
1379 3811 1409 3872 in
1432 3830 1476 3883 eo,
1487 3812 1565 3890 quod

443 3927 584 4006 sequitur,
605 3925 696 4007 capite
717 3925 856 3988 dicemus

481 4047 511 4117 2)
552 4043 625 4120 „les
648 4043 801 4122 premieres
824 4044 921 4104 lettres
941 4043 1020 4122 (libri
1043 4043 1106 4104 XlV
1128 4043 1564 4122 adsum.)sontd’11uepassiou

443 4159 636 4239 ineroyallle”,
659 4159 828 4221 Bolsaier
859 4159 917 4221 Cic.
939 4167 965 4221 et
987 4160 1127 4220 sesamis
1148 4179 1175 4240 p.
1199 4163 1247 4221 98.
1260 4159 1420 4220 Admiratlo
1432 4178 1466 4220 eo
1477 4159 1563 4220 eliam

441 4284 571 4353 augetur,
592 4275 671 4354 quod
692 4275 783 4354 prima
805 4276 861 4336 inm
883 4284 946 4355 post
968 4275 1092 4337 reditum
1113 4276 1235 4356 epistula
1258 4275 1291 4336 nd
1305 4276 1433 4337 Atticum
1444 4275 1518 4350 (lVl
1536 4278 1565 4336 8.

448 4391 488 4451 cl.
511 4393 573 4472 at)
594 4391 803 4452 dissensionem
825 4391 982 4470 coniugum
1004 4391 1119 4452 iudicat.
