3792 5486
920 732 986 800 109

392 933 477 1022 quin
520 932 616 1002 illam
660 933 859 1016 „civitatem
905 931 1012 1000 veluti
1054 932 1312 1016 communem''‚
1348 932 1513 1022 epithetis

393 1058 613 1141 „maximae”
649 1063 685 1126 et
719 1057 1024 1147 „pulcherrimae”
1062 1062 1205 1125 ornaret
1235 1055 1295 1144 (ad
1322 1055 1363 1124 H.
1388 1077 1434 1126 m.
1457 1057 1514 1125 uli

391 1187 427 1249 et
449 1179 496 1266 3).
520 1219 564 1231 -

437 1303 627 1374 Ovidius
669 1311 792 1374 eontra
835 1304 967 1395 ubique
1002 1304 1212 1373 sententiam
1249 1324 1349 1372 suam
1387 1306 1511 1394 aperit.

391 1427 520 1497 Tomos
542 1427 755 1498 detestatur:

710 1573 756 1632 Tu
776 1573 914 1648 (Pontica
935 1571 1037 1650 tellus)
1057 1573 1186 1650 pessima
1206 1571 1282 1631 duro

589 1680 664 1740 Pars
684 1699 716 1740 ea
737 1681 769 1740 in
793 1681 894 1758 exilio,
919 1686 953 1740 ta
971 1680 1051 1740 mala
1071 1684 1173 1739 nostra
1193 1697 1312 1757 gravae.

1148 1799 1198 1869 (ex
1220 1793 1253 1853 P.
1276 1793 1322 1852 111
1347 1795 1392 1852 1,9
1414 1796 1471 1871 aq.)

434 1925 530 1995 Licet
563 1926 609 1995 ob
643 1934 850 2018 perpetuam
886 1927 982 1996 illam
1019 1928 1310 2016 vituperationem
1334 1925 1509 1994 Tomitani

388 2055 423 2117 et
447 2049 587 2119 finitimi
610 2051 730 2140 populi
754 2060 876 2142 poetae
900 2071 1108 2122 succensere
1131 2051 1318 2140 incipiant:

547 2195 632 2255 Talia
653 2201 827 2256 eueoenaent
850 2200 970 2274 propter
991 2195 1065 2254 mibi
1086 2193 1177 2254 verba
1198 2194 1342 2272 Tomitae,

588 2311 698 2389 Iraque
718 2311 900 2372 carminibus
921 2310 1039 2390 publiea
1060 2315 1140 2370 mota
1161 2310 1244 2369 meis.

1097 2431 1147 2500 (ex
1167 2425 1200 2483 P.
1223 2425 1265 2482 1v
1292 2424 1377 2483 14.15
1400 2425 1467 2504 aq.),

385 2573 511 2642 deinde
546 2595 686 2643 omnem
722 2595 865 2666 operam
900 2575 996 2660 dant,
1032 2580 1072 2643 ut
1107 2573 1264 2643 debitum
1290 2581 1412 2664 poetae
1437 2574 1507 2642 sot-

388 2705 470 2766 vant
494 2698 681 2768 honorent
718 2699 945 2769 Immunitate
969 2719 1050 2768 eum
1076 2700 1226 2767 donant:

707 2843 835 2902 Exstant
857 2843 984 2920 decreta,
1005 2843 1114 2920 quibus
1136 2861 1190 2902 noa

585 2957 701 3018 Laudat
723 2964 754 3018 et
774 2960 922 3018 immunes
944 2957 1063 3036 publiea
1083 2976 1151 3017 aera
1172 2957 1251 3017 feeit.

544 3072 733 3133 conveniens
754 3074 869 3133 miserie
889 3079 920 3133 et
940 3075 1078 3151 quamvis
1098 3073 1195 3152 gloria
1215 3091 1274 3132 non
1297 3073 1344 3143 ait,

583 3188 726 3248 Proxima
746 3187 819 3248 dant
839 3189 926 3248 nobis
946 3188 1055 3267 oppida
1076 3208 1184 3249 munus
1207 3187 1294 3247 idem.

1188 3305 1240 3378 pb.
1261 3305 1464 3381 alal-104)

382 3443 418 3504 et
444 3436 496 3504 vel
522 3443 560 3504 ut
583 3438 638 3506 sui
663 3443 785 3525 poetae
809 3442 969 3525 tempora
992 3435 1114 3505 laurea
1139 3437 1313 3505 vinciunt:

544 3580 581 3638 nt
601 3579 699 3658 plaoui
723 3585 900 3657 —gratare
922 3580 995 3638 mihi
1017 3612 1054 3623 —
1076 3580 1218 3657 eoepique
1239 3585 1343 3658 poetae

580 3696 664 3755 Inter
683 3695 863 3755 inhumanos
884 3713 993 3754 nomen
1016 3695 1127 3755 babere
1149 3695 1251 3754 Getae.

1220 3811 1274 3888 (ib.
1297 3813 1380 3869 1321
1405 3812 1463 3888 eq.)

540 3927 687 4004 Tempora
707 3932 823 3986 saerata
844 3945 910 3986 mea
930 3931 1000 3986 sunt
1023 3927 1121 3987 relata
1142 3945 1260 4002 corona,

579 4042 721 4102 Publione
741 4043 837 4102 inrito
857 4061 947 4120 quam
969 4043 1055 4102 favor
1075 4043 1225 4120 imposuit.

1218 4157 1270 4234 (ib.
1299 4156 1385 4215 leue
1406 4159 1463 4234 sq.)

423 4289 560 4370 Quibus
595 4290 801 4359 muneribus
837 4291 983 4360 Ovidius
1018 4291 1108 4359 bane
1136 4289 1252 4358 reddit
1274 4291 1435 4378 gratiam,
1464 4298 1502 4356 ut

379 4415 531 4482 affirmet
561 4414 637 4483 loca
668 4414 887 4504 caelumque.
920 4436 989 4483 non
1022 4416 1182 4484 homines
1213 4415 1292 4483 odio
1316 4414 1384 4483 sibi
1406 4435 1501 4483 esse:
