3734 5518
371 951 460 1020 Kal.
483 951 577 1021 lan.
601 971 632 1018 a.
652 949 697 1017 57

327 1075 362 1144 Ρ.
395 1073 566 1144 Lentulus
605 1093 699 1144 cons.
739 1093 860 1142 assen-

326 1183 433 1251 tiente
464 1188 588 1250 senatu
614 1179 701 1249 nihil
733 1180 860 1248 huma·

326 1309 453 1358 nerum
481 1308 602 1356 rerum
628 1287 727 1376 prius
750 1307 859 1375 quam

325 1395 368 1463 de
398 1393 564 1465 cicerone
596 1393 773 1483 egendum
805 1394 861 1461 iu·

325 1501 477 1589 dicat1).
524 1500 615 1570 Cum
659 1500 749 1569 allus
792 1499 861 1569 alio

326 1609 488 1678 ornatius
500 1607 543 1675 de
556 1606 735 1676 Ciceronis
747 1606 859 1675 salute

326 1715 478 1797 dixisset,
501 1735 543 1784 eo
563 1714 619 1782 die
632 1713 792 1784 confecta
804 1733 861 1782 res

326 1829 427 1906 esset,
448 1823 514 1890 nisi
538 1821 618 1890 Sex.
639 1819 767 1889 Atilius
778 1819 860 1888 trib.

327 1928 371 2018 pl.
407 1934 547 1998 noctem
570 1927 636 1997 sibi
660 1927 703 1995 ed
729 1925 858 1994 delibe-

326 2035 477 2104 randum
502 2034 724 2124 postulasset.

325 2194 370 2262 25
404 2194 493 2264 Ian.
518 2196 565 2283 (e.
588 2194 622 2261 d.
649 2192 744 2262 VIII
769 2192 860 2262 Kal.

327 2300 469 2390 Febr.)

328 2439 511 2523 perspecta
526 2433 704 2502 voluntate
717 2439 862 2502 senatus

326 2560 432 2609 causa
450 2540 493 2608 ad
508 2539 678 2630 populum
690 2539 860 2608 defertur.

326 2648 373 2715 At
395 2646 554 2716 Clodiani
577 2666 619 2716 eo
636 2645 692 2713 die
705 2644 811 2714 caede
824 2644 859 2712 in

327 2752 403 2821 loro
429 2753 583 2822 maxima
597 2751 860 2831 Iacts‚llumine

327 2860 509 2950 sanguinis
519 2860 672 2928 reditum
682 2858 860 2929 Ciceronis

326 2965 635 3036 intercludendum
660 2972 795 3056 putant.

371 3125 481 3196 Paulo
494 3132 573 3215 post
584 3131 729 3195 senatus
737 3125 859 3194 decer·

326 3233 379 3302 nit
402 3239 442 3301 ut
465 3232 591 3302 litterIs
613 3231 859 3303 consularibus

325 3358 369 3407 ex
388 3346 533 3408 senatus
553 3339 714 3409 consulto
725 3359 859 3423 ornnes,

326 3445 386 3534 qui
422 3444 699 3536 rempublicam
724 3445 858 3515 selvam

327 3551 444 3634 velim,
495 3559 624 3622 cuncta
669 3573 712 3620 ex
759 3551 859 3620 ltalia

325 3657 473 3727 Romam
497 3665 745 3729 convocentur.

327 3985 488 4055 Metellus
500 3986 623 4056 consul
636 3986 763 4056 absens
774 4005 855 4055 cum

325 4093 492 4163 Cicerone
520 4093 670 4162 reditio
693 4093 854 4182 gratiam.

867 753 913 820 69

916 2141 1068 2190 mense
1100 2122 1315 2191 Ianuario
1338 2143 1369 2190 a.
1390 2120 1445 2189 57.

960 2256 1005 2325 ad
1029 2255 1101 2324 Au.
1125 2254 1174 2324 lll
1196 2253 1242 2324 26
1263 2256 1309 2324 ib.

912 3762 1445 3833 exeuntemenselenuario

911 3896 955 3964 ud
980 3895 1051 3965 Au.
1076 3895 1259 3965 11127ib.

365 4249 395 4318 l)
435 4243 518 4318 Quod
556 4243 731 4325 promissum
769 4251 886 4305 sondro
925 4261 981 4305 non
1013 4243 1137 4305 servarit
1167 4241 1248 4324 prius
1281 4244 1442 4324 provincius

323 4351 477 4431 designans
506 4351 676 4413 consulibus
707 4349 753 4426 led
788 4349 846 4412 Io.
870 4351 908 4411 llI
931 4351 990 4430 ul).
1013 4350 1054 4411 ul.
1077 4349 1237 4412 Morebin
1262 4350 1386 4413 Histoire
1407 4351 1442 4412 de

325 4457 410 4519 l’Exil
430 4457 467 4520 de
488 4456 605 4520 ciceron
628 4455 707 4518 Puris
729 4459 806 4518 1726
830 4476 855 4537 p.
879 4459 1046 4520 328—330.
