3792 5486
884 694 952 764 155

364 893 523 963 Rootio
547 893 596 962 sic
620 892 891 962 ratiocinamur:
918 890 1018 972 „Non
1042 891 1190 965 molesta
1213 891 1364 960 esthaec
1378 889 1482 960 officii

363 1019 511 1109 neglecti
534 1018 771 1108 exprobratio,
791 1018 820 1086 si
832 1017 1028 1106 cogitamus
1041 1016 1245 1088 Ciceronem
1258 1015 1480 1086 nuncamico

362 1144 525 1228 scribere,
550 1142 727 1233 quomodo
750 1142 830 1212 exul
854 1142 898 1211 de
921 1163 962 1212 eo
985 1143 1184 1216 iudicasset.
1210 1141 1391 1211 Iudicatur
1415 1141 1482 1210 hoc

362 1267 709 1360 plusquamperfecto
751 1287 1084 1356 cognoram...
1130 1265 1313 1354 Mitigatur
1361 1270 1481 1333 autem

363 1393 642 1483 exprobrationis
666 1393 840 1462 acerbitas
863 1392 914 1477 iis,
939 1413 1031 1482 quae
1055 1393 1173 1462 statim
1198 1391 1295 1462 addit
1318 1391 1361 1459 de
1374 1411 1482 1480 opera

363 1517 408 1587 ab
432 1517 548 1587 Attico
572 1516 616 1586 ad
637 1517 905 1587 suumreditum
920 1517 1177 1590 conficiendum
1191 1516 1338 1586 collata”
1353 1517 1481 1603 (,‚eun·

363 1641 514 1731 demque
549 1647 594 1722 te,
629 1642 690 1732 qui
727 1642 850 1731 primis
881 1642 1100 1732 temporibus
1130 1643 1260 1711 erroris
1283 1643 1395 1710 nostri
1418 1646 1481 1710 aut

362 1767 479 1856 potius
516 1767 647 1835 furoris
678 1768 854 1856 particeps
885 1773 921 1836 et
943 1767 1022 1836 falsi
1046 1767 1182 1836 timoris
1205 1768 1321 1837 socius
1343 1767 1481 1848 fuisses,

363 1891 587 1962 acerbissime
627 1892 812 1962 discidium
849 1899 1008 1963 nostrum
1055 1892 1177 1961 tulisse
1216 1892 1481 1982 plurimumque

363 2036 502 2105 operae,
525 2018 643 2102 studii,
667 2017 878 2106 diligentiae,
902 2016 1032 2086 laboris
1055 2016 1099 2085 ad
1117 2015 1374 2086 conficiendum
1387 2016 1481 2086 redi·

362 2146 440 2209 tum
465 2161 584 2210 meum
608 2141 845 2227 contulisse’'l.

406 2265 473 2335 Sed
510 2267 567 2336 lac
601 2267 732 2335 iniusta
767 2267 916 2338 crimina
953 2287 1075 2336 verum
1110 2267 1288 2336 Ciceronis
1319 2268 1478 2336 animum

361 2390 544 2473 indicasse,
568 2411 638 2459 non
662 2396 781 2459 tamen
805 2391 847 2459 iis
870 2392 1025 2461 amicitia
1048 2391 1277 2462 collabefacta
1301 2397 1413 2460 estet
1437 2411 1479 2460 ex

362 2521 435 2584 toto
458 2517 563 2585 tertio
587 2515 675 2585 libro
699 2518 742 2585 ad
769 2517 926 2588 Atticum
940 2518 1034 2587 clare
1050 2525 1208 2606 apparet,
1221 2516 1381 2588 Ciceroni
1392 2516 1479 2585 nibil

362 2647 544 2731 tantopere
558 2641 710 2710 defuisse
724 2662 830 2732 quam
841 2643 956 2730 ipsum
966 2642 1078 2728 illum,
1088 2664 1239 2733 quocum
1251 2645 1380 2727 omnia,
1389 2663 1480 2733 quae

361 2787 398 2836 se
429 2788 516 2837 cura
549 2769 741 2852 allicerent,
765 2767 1054 2851 communicaret,
1078 2769 1139 2857 qui
1162 2788 1200 2838 se
1224 2768 1395 2856 diligeret,
1419 2769 1480 2857 qui

360 2900 509 2983 saperet,
534 2913 687 2983 quocum
711 2913 755 2961 ex
779 2894 896 2962 animo
913 2893 1130 2980 loqueretur,
1148 2893 1206 2961 cui
1219 2892 1307 2961 nibil
1321 2892 1479 2981 lingeret,

361 3017 448 3086 nibil
482 3017 731 3099 dissimularet,
767 3017 854 3085 nibil
879 3015 1059 3105 obtegeret
1081 3016 1147 3102 (Of.
1171 3017 1215 3086 ad
1240 3017 1312 3086 nu.
1337 3017 1352 3086 Ι
1375 3016 1479 3106 lat).

406 3142 564 3212 Atticum
588 3141 709 3212 Cicero
732 3143 885 3212 amicum
911 3149 984 3210 tam
1008 3150 1145 3211 certum
1170 3141 1385 3231 firmumque
1414 3142 1481 3210 sibi

361 3267 506 3352 sciebat,
541 3273 581 3336 ut
605 3288 649 3334 ne
673 3272 892 3335 momentum
918 3266 1060 3355 quidem
1085 3266 1128 3334 de
1151 3267 1227 3334 eius
1249 3266 1395 3335 iuvandi
1421 3288 1480 3336 vo-

361 3391 496 3460 luntate
520 3390 699 3461 dubitaret
721 3398 767 3476 et,
791 3393 820 3460 si
845 3391 984 3461 Atticus
1007 3412 1076 3460 nou
1089 3412 1132 3460 ea
1145 3397 1374 3482 perpetraret,
1388 3412 1478 3480 quae

360 3516 434 3604 ipse
470 3515 546 3585 fieri
578 3517 691 3596 vellet,
723 3537 805 3584 eum
830 3515 999 3606 perficere
1022 3537 1092 3585 non
1118 3516 1272 3605 potuisse
1295 3516 1479 3600 iudicaret,

360 3640 513 3709 noluisse
537 3662 752 3730 numquam;
776 3640 819 3709 de
839 3641 965 3711 ceteris
980 3661 1070 3722 vero,
1083 3661 1173 3731 quos
1192 3641 1258 3710 sibi
1270 3642 1402 3710 amicos
1414 3662 1480 3730 pu-

360 3770 507 3845 taverat,
531 3764 634 3834 aliter
660 3766 843 3834 sentiebat.
888 3766 1078 3856 Plerosque
1102 3767 1234 3834 invidia
1256 3767 1419 3835 incitatos
1442 3767 1478 3834 in

361 3910 500 3959 summo
537 3890 738 3960 discrimine
769 3911 806 3959 se
837 3891 1036 3959 destituisse
1060 3911 1176 3981 neque
1199 3891 1352 3960 reditum
1373 3911 1478 3959 suum

361 4013 460 4096 velle,
483 4014 770 4104 indignabundus
793 4036 897 4105 saepe
921 4015 1118 4086 confirmat.

405 4138 578 4208 Invidiam
601 4160 736 4222 eorum,
761 4141 912 4229 „quibus
935 4142 1054 4210 omnia
1077 4141 1197 4231 populi
1212 4140 1359 4209 Romani
1373 4139 1480 4209 bene·

362 4263 440 4332 ficia
476 4265 732 4335 dormientibus
765 4265 998 4335 deferuntur”
1033 4268 1069 4336 in
1106 4266 1205 4335 Verr.
1239 4266 1267 4334 V
1301 4265 1480 4334 180-184

361 4389 431 4457 iam
456 4396 761 4476 commemoraret,
789 4411 904 4482 neque
927 4402 1048 4483 postea
1073 4413 1242 4483 umquam
1270 4392 1479 4482 impugnare
