<?xml version="1.0" encoding="UTF-8"?>
<!DOCTYPE html PUBLIC "-//W3C//DTD XHTML 1.0 Transitional//EN"
    "http://www.w3.org/TR/xhtml1/DTD/xhtml1-transitional.dtd">
<html xmlns="http://www.w3.org/1999/xhtml" xml:lang="en" lang="en">
 <head>
  <title>
</title>
<meta http-equiv="Content-Type" content="text/html;charset=utf-8" />
  <meta name='ocr-system' content='tesseract 3.04.00' />
  <meta name='ocr-capabilities' content='ocr_page ocr_carea ocr_par ocr_line ocrx_word'/>
</head>
<body>
  <div class='ocr_page' id='page_1' title='image "./exulumtriassive00leopgoog_0020.png"; bbox 0 0 3734 5518; ppageno 0'>
   <div class='ocr_carea' id='block_1_1' title="bbox 876 710 896 778">
    <p class='ocr_par' dir='ltr' id='par_1_1' title="bbox 876 710 896 778">
     <span class='ocr_line' id='line_1_1' title="bbox 876 710 896 778; baseline 0 0"><span class='ocrx_word' id='word_1_1' title='bbox 876 710 896 778; x_wconf 84' lang='grc'><strong>7</strong></span> 
     </span>
    </p>
   </div>
   <div class='ocr_carea' id='block_1_2' title="bbox 315 907 1440 3864">
    <p class='ocr_par' dir='ltr' id='par_1_2' title="bbox 319 907 1440 2122">
     <span class='ocr_line' id='line_1_2' title="bbox 321 907 1440 998; baseline 0 -21"><span class='ocrx_word' id='word_1_2' title='bbox 321 929 455 977; x_wconf 90' lang='lat' dir='ltr'><strong>anuum</strong></span> <span class='ocrx_word' id='word_1_3' title='bbox 484 907 649 997; x_wconf 80' lang='lat' dir='ltr'><strong>agenti1)</strong></span> <span class='ocrx_word' id='word_1_4' title='bbox 673 908 805 998; x_wconf 83' lang='lat' dir='ltr'><strong>nupsit,</strong></span> <span class='ocrx_word' id='word_1_5' title='bbox 829 908 907 993; x_wconf 83' lang='lat' dir='ltr'><strong>fuit,</strong></span> <span class='ocrx_word' id='word_1_6' title='bbox 931 910 960 977; x_wconf 91' lang='lat' dir='ltr'><strong>si</strong></span> <span class='ocrx_word' id='word_1_7' title='bbox 986 909 1056 978; x_wconf 88' lang='lat' dir='ltr'><strong>lilio</strong></span> <span class='ocrx_word' id='word_1_8' title='bbox 1080 909 1168 977; x_wconf 87' lang='lat' dir='ltr'>fides</span> <span class='ocrx_word' id='word_1_9' title='bbox 1192 909 1354 978; x_wconf 88' lang='lat' dir='ltr'><strong>habenda</strong></span> <span class='ocrx_word' id='word_1_10' title='bbox 1377 914 1440 992; x_wconf 87' lang='lat' dir='ltr'><strong>est,</strong></span> 
     </span>
     <span class='ocr_line' id='line_1_3' title="bbox 322 1034 1440 1124; baseline 0.002 -23"><span class='ocrx_word' id='word_1_11' title='bbox 322 1054 423 1102; x_wconf 88' lang='lat' dir='ltr'><strong>rarae</strong></span> <span class='ocrx_word' id='word_1_12' title='bbox 447 1035 490 1101; x_wconf 88' lang='lat' dir='ltr'><strong>iis</strong></span> <span class='ocrx_word' id='word_1_13' title='bbox 514 1034 734 1123; x_wconf 79' lang='lat' dir='ltr'>temporibus</span> <span class='ocrx_word' id='word_1_14' title='bbox 759 1034 959 1124; x_wconf 85' lang='lat' dir='ltr'><strong>pudicitiae,</strong></span> <span class='ocrx_word' id='word_1_15' title='bbox 983 1055 1075 1124; x_wconf 89' lang='lat' dir='ltr'><strong>quae</strong></span> <span class='ocrx_word' id='word_1_16' title='bbox 1098 1055 1167 1104; x_wconf 90' lang='lat' dir='ltr'><strong>nou</strong></span> <span class='ocrx_word' id='word_1_17' title='bbox 1194 1035 1309 1103; x_wconf 91' lang='lat' dir='ltr'><strong>solum</strong></span> <span class='ocrx_word' id='word_1_18' title='bbox 1323 1036 1440 1103; x_wconf 91' lang='lat' dir='ltr'><strong>muni·</strong></span> 
     </span>
     <span class='ocr_line' id='line_1_4' title="bbox 321 1158 1439 1248; baseline 0.001 -21"><span class='ocrx_word' id='word_1_19' title='bbox 321 1158 424 1248; x_wconf 83' lang='lat' dir='ltr'><strong>cipali</strong></span> <span class='ocrx_word' id='word_1_20' title='bbox 448 1158 673 1248; x_wconf 84' lang='lat' dir='ltr'><strong>simplicitate</strong></span> <span class='ocrx_word' id='word_1_21' title='bbox 699 1158 743 1226; x_wconf 98' lang='lat' dir='ltr'><strong>ab</strong></span> <span class='ocrx_word' id='word_1_22' title='bbox 768 1158 975 1248; x_wconf 80' lang='lat' dir='ltr'><strong>aequalibus</strong></span> <span class='ocrx_word' id='word_1_23' title='bbox 998 1159 1225 1248; x_wconf 82' lang='lat' dir='ltr'><strong>discreparet,</strong></span> <span class='ocrx_word' id='word_1_24' title='bbox 1248 1161 1307 1229; x_wconf 91' lang='lat' dir='ltr'><strong>sed</strong></span> <span class='ocrx_word' id='word_1_25' title='bbox 1333 1162 1439 1228; x_wconf 91' lang='lat' dir='ltr'><strong>etiam</strong></span> 
     </span>
     <span class='ocr_line' id='line_1_5' title="bbox 321 1282 1438 1374; baseline 0.004 -24"><span class='ocrx_word' id='word_1_26' title='bbox 321 1283 482 1351; x_wconf 89' lang='lat' dir='ltr'><strong>liberales</strong></span> <span class='ocrx_word' id='word_1_27' title='bbox 505 1282 708 1373; x_wconf 88' lang='lat' dir='ltr'><strong>disciplinas</strong></span> <span class='ocrx_word' id='word_1_28' title='bbox 731 1285 904 1372; x_wconf 83' lang='lat' dir='ltr'><strong>attigisset</strong></span> <span class='ocrx_word' id='word_1_29' title='bbox 929 1284 1002 1353; x_wconf 89' lang='lat' dir='ltr'><strong>fere</strong></span> <span class='ocrx_word' id='word_1_30' title='bbox 1026 1304 1159 1369; x_wconf 91' lang='lat' dir='ltr'><strong>omues,</strong></span> <span class='ocrx_word' id='word_1_31' title='bbox 1183 1285 1438 1374; x_wconf 86' lang='lat' dir='ltr'><strong>philosophiam</strong></span> 
     </span>
     <span class='ocr_line' id='line_1_6' title="bbox 321 1408 1439 1498; baseline 0.001 -21"><span class='ocrx_word' id='word_1_32' title='bbox 321 1416 439 1477; x_wconf 89' lang='lat' dir='ltr'><strong>autem</strong></span> <span class='ocrx_word' id='word_1_33' title='bbox 461 1408 593 1497; x_wconf 86' lang='lat' dir='ltr'><strong>largius</strong></span> <span class='ocrx_word' id='word_1_34' title='bbox 612 1409 784 1478; x_wconf 85' lang='lat' dir='ltr'><strong>hausisset</strong></span> <span class='ocrx_word' id='word_1_35' title='bbox 796 1414 904 1498; x_wconf 90' lang='lat' dir='ltr'><strong>atque</strong></span> <span class='ocrx_word' id='word_1_36' title='bbox 916 1409 1086 1477; x_wconf 85' lang='lat' dir='ltr'><strong>intentius</strong></span> <span class='ocrx_word' id='word_1_37' title='bbox 1098 1430 1204 1498; x_wconf 89' lang='lat' dir='ltr'><strong>quam</strong></span> <span class='ocrx_word' id='word_1_38' title='bbox 1221 1430 1283 1498; x_wconf 88' lang='lat' dir='ltr'><strong>pro</strong></span> <span class='ocrx_word' id='word_1_39' title='bbox 1296 1409 1439 1490; x_wconf 87' lang='lat' dir='ltr'><strong>femina,</strong></span> 
     </span>
     <span class='ocr_line' id='line_1_7' title="bbox 321 1533 1438 1624; baseline 0.002 -22"><span class='ocrx_word' id='word_1_40' title='bbox 321 1534 355 1602; x_wconf 93' lang='lat' dir='ltr'><strong>ni</strong></span> <span class='ocrx_word' id='word_1_41' title='bbox 380 1534 558 1618; x_wconf 85' lang='lat' dir='ltr'><strong>Annaeus,</strong></span> <span class='ocrx_word' id='word_1_42' title='bbox 585 1539 624 1601; x_wconf 89' lang='lat' dir='ltr'><strong>ut</strong></span> <span class='ocrx_word' id='word_1_43' title='bbox 646 1541 723 1602; x_wconf 87' lang='lat' dir='ltr'><strong>erat</strong></span> <span class='ocrx_word' id='word_1_44' title='bbox 747 1533 895 1602; x_wconf 86' lang='lat' dir='ltr'><strong>Romani</strong></span> <span class='ocrx_word' id='word_1_45' title='bbox 922 1534 1028 1602; x_wconf 88' lang='lat' dir='ltr'><strong>moris</strong></span> <span class='ocrx_word' id='word_1_46' title='bbox 1051 1535 1208 1603; x_wconf 77' lang='lat' dir='ltr'><strong>tenacior</strong></span> <span class='ocrx_word' id='word_1_47' title='bbox 1231 1555 1271 1602; x_wconf 86' lang='lat' dir='ltr'><strong>ac</strong></span> <span class='ocrx_word' id='word_1_48' title='bbox 1285 1534 1438 1624; x_wconf 87' lang='lat' dir='ltr'><strong>philoso-</strong></span> 
     </span>
     <span class='ocr_line' id='line_1_8' title="bbox 323 1658 1439 1749; baseline 0.002 -24"><span class='ocrx_word' id='word_1_49' title='bbox 323 1658 425 1747; x_wconf 91' lang='lat' dir='ltr'><strong>phiae</strong></span> <span class='ocrx_word' id='word_1_50' title='bbox 450 1679 514 1746; x_wconf 93' lang='lat' dir='ltr'><strong>pro</strong></span> <span class='ocrx_word' id='word_1_51' title='bbox 537 1658 677 1725; x_wconf 89' lang='lat' dir='ltr'><strong>rhetore</strong></span> <span class='ocrx_word' id='word_1_52' title='bbox 701 1663 934 1747; x_wconf 88' lang='lat' dir='ltr'><strong>contemptor,</strong></span> <span class='ocrx_word' id='word_1_53' title='bbox 959 1658 1163 1727; x_wconf 89' lang='lat' dir='ltr'><strong>moderatus</strong></span> <span class='ocrx_word' id='word_1_54' title='bbox 1186 1666 1277 1726; x_wconf 90' lang='lat' dir='ltr'><strong>esset</strong></span> <span class='ocrx_word' id='word_1_55' title='bbox 1290 1659 1439 1749; x_wconf 92' lang='lat' dir='ltr'><strong>impetui</strong></span> 
     </span>
     <span class='ocr_line' id='line_1_9' title="bbox 319 1782 1437 1873; baseline 0.001 -22"><span class='ocrx_word' id='word_1_56' title='bbox 319 1783 395 1851; x_wconf 91' lang='lat' dir='ltr'><strong>eius</strong></span> <span class='ocrx_word' id='word_1_57' title='bbox 412 1784 453 1870; x_wconf 72' lang='grc'><strong>2).</strong></span> <span class='ocrx_word' id='word_1_58' title='bbox 490 1783 613 1851; x_wconf 90' lang='lat' dir='ltr'><strong>Matris</strong></span> <span class='ocrx_word' id='word_1_59' title='bbox 646 1783 820 1852; x_wconf 89' lang='lat' dir='ltr'><strong>institutio</strong></span> <span class='ocrx_word' id='word_1_60' title='bbox 843 1783 878 1849; x_wconf 90' lang='lat' dir='ltr'><strong>in</strong></span> <span class='ocrx_word' id='word_1_61' title='bbox 905 1782 1088 1852; x_wconf 87' lang='lat' dir='ltr'><strong>educando</strong></span> <span class='ocrx_word' id='word_1_62' title='bbox 1113 1783 1220 1852; x_wconf 90' lang='lat' dir='ltr'><strong>Lucio</strong></span> <span class='ocrx_word' id='word_1_63' title='bbox 1245 1783 1437 1873; x_wconf 90' lang='lat' dir='ltr'><strong>plurimum</strong></span> 
     </span>
     <span class='ocr_line' id='line_1_10' title="bbox 321 1907 1437 1997; baseline 0.002 -22"><span class='ocrx_word' id='word_1_64' title='bbox 321 1908 469 1976; x_wconf 86' lang='lat' dir='ltr'><strong>sortasse</strong></span> <span class='ocrx_word' id='word_1_65' title='bbox 504 1907 625 1988; x_wconf 85' lang='lat' dir='ltr'><strong>valuit,</strong></span> <span class='ocrx_word' id='word_1_66' title='bbox 650 1928 721 1996; x_wconf 88' lang='lat' dir='ltr'><strong>qua</strong></span> <span class='ocrx_word' id='word_1_67' title='bbox 743 1927 863 1975; x_wconf 86' lang='lat' dir='ltr'><strong>amoro</strong></span> <span class='ocrx_word' id='word_1_68' title='bbox 890 1907 1129 1997; x_wconf 90' lang='lat' dir='ltr'><strong>philosophiae</strong></span> <span class='ocrx_word' id='word_1_69' title='bbox 1152 1929 1233 1977; x_wconf 94' lang='lat' dir='ltr'><strong>eum</strong></span> <span class='ocrx_word' id='word_1_70' title='bbox 1259 1909 1437 1978; x_wconf 90' lang='lat' dir='ltr'><strong>imbutum</strong></span> 
     </span>
     <span class='ocr_line' id='line_1_11' title="bbox 320 2032 718 2122; baseline 0.003 -22"><span class='ocrx_word' id='word_1_71' title='bbox 320 2032 427 2100; x_wconf 84' lang='lat' dir='ltr'><strong>fuisse</strong></span> <span class='ocrx_word' id='word_1_72' title='bbox 452 2032 632 2122; x_wconf 90' lang='lat' dir='ltr'><strong>probabile</strong></span> <span class='ocrx_word' id='word_1_73' title='bbox 656 2043 718 2101; x_wconf 88' lang='lat' dir='ltr'><strong>est.</strong></span> 
     </span>
    </p>

    <p class='ocr_par' dir='ltr' id='par_1_3' title="bbox 319 2155 1437 2746">
     <span class='ocr_line' id='line_1_12' title="bbox 363 2155 1437 2249; baseline 0.003 -25"><span class='ocrx_word' id='word_1_74' title='bbox 363 2155 461 2237; x_wconf 88' lang='lat' dir='ltr'><strong>Quae</strong></span> <span class='ocrx_word' id='word_1_75' title='bbox 470 2158 498 2226; x_wconf 88' lang='lat' dir='ltr'><strong>si</strong></span> <span class='ocrx_word' id='word_1_76' title='bbox 510 2178 591 2226; x_wconf 86' lang='lat' dir='ltr'><strong>vera</strong></span> <span class='ocrx_word' id='word_1_77' title='bbox 600 2157 983 2247; x_wconf 86' lang='lat' dir='ltr'><strong>suut‚qnivisprofecto</strong></span> <span class='ocrx_word' id='word_1_78' title='bbox 998 2157 1327 2247; x_wconf 87' lang='lat' dir='ltr'><strong>Diepenbrockio</strong></span> <span class='ocrx_word' id='word_1_79' title='bbox 1340 2163 1387 2249; x_wconf 84' lang='lat' dir='ltr'><strong>(p.</strong></span> <span class='ocrx_word' id='word_1_80' title='bbox 1399 2159 1437 2248; x_wconf 89' lang='lat'><strong>3)</strong></span> 
     </span>
     <span class='ocr_line' id='line_1_13' title="bbox 322 2265 1437 2372; baseline 0.004 -24"><span class='ocrx_word' id='word_1_81' title='bbox 322 2283 551 2351; x_wconf 88' lang='lat' dir='ltr'><strong>assentietur:</strong></span> <span class='ocrx_word' id='word_1_82' title='bbox 578 2265 798 2370; x_wconf 81' lang='lat' dir='ltr'><strong>„Utrumque</strong></span> <span class='ocrx_word' id='word_1_83' title='bbox 819 2281 1010 2351; x_wconf 90' lang='lat' dir='ltr'><strong>ambitione</strong></span> <span class='ocrx_word' id='word_1_84' title='bbox 1034 2289 1068 2351; x_wconf 92' lang='lat' dir='ltr'><strong>et</strong></span> <span class='ocrx_word' id='word_1_85' title='bbox 1081 2282 1282 2372; x_wconf 89' lang='lat' dir='ltr'><strong>cupididate</strong></span> <span class='ocrx_word' id='word_1_86' title='bbox 1296 2283 1437 2353; x_wconf 91' lang='lat' dir='ltr'><strong>honoris</strong></span> 
     </span>
     <span class='ocr_line' id='line_1_14' title="bbox 319 2407 1436 2498; baseline 0.003 -24"><span class='ocrx_word' id='word_1_87' title='bbox 319 2412 425 2496; x_wconf 85' lang='lat' dir='ltr'><strong>atque</strong></span> <span class='ocrx_word' id='word_1_88' title='bbox 449 2425 648 2497; x_wconf 73' lang='lat' dir='ltr'><strong>processus·</strong></span> <span class='ocrx_word' id='word_1_89' title='bbox 665 2407 849 2494; x_wconf 87' lang='lat' dir='ltr'><strong>ingeniivi,</strong></span> <span class='ocrx_word' id='word_1_90' title='bbox 861 2407 968 2475; x_wconf 90' lang='lat' dir='ltr'><strong>animi</strong></span> <span class='ocrx_word' id='word_1_91' title='bbox 982 2408 1117 2496; x_wconf 89' lang='lat' dir='ltr'><strong>impetu</strong></span> <span class='ocrx_word' id='word_1_92' title='bbox 1130 2408 1322 2498; x_wconf 91' lang='lat' dir='ltr'><strong>superabat</strong></span> <span class='ocrx_word' id='word_1_93' title='bbox 1334 2408 1436 2498; x_wconf 88' lang='lat' dir='ltr'><strong>longe</strong></span> 
     </span>
     <span class='ocr_line' id='line_1_15' title="bbox 319 2529 1436 2621; baseline 0.002 -23"><span class='ocrx_word' id='word_1_94' title='bbox 319 2529 421 2600; x_wconf 80' lang='lat' dir='ltr'><strong>lilius</strong></span> <span class='ocrx_word' id='word_1_95' title='bbox 446 2530 593 2621; x_wconf 89' lang='lat' dir='ltr'><strong>Utrique</strong></span> <span class='ocrx_word' id='word_1_96' title='bbox 618 2531 774 2600; x_wconf 89' lang='lat' dir='ltr'><strong>bonitate</strong></span> <span class='ocrx_word' id='word_1_97' title='bbox 786 2533 894 2599; x_wconf 90' lang='lat' dir='ltr'><strong>animi</strong></span> <span class='ocrx_word' id='word_1_98' title='bbox 907 2541 942 2598; x_wconf 92' lang='lat' dir='ltr'><strong>et</strong></span> <span class='ocrx_word' id='word_1_99' title='bbox 954 2531 1117 2612; x_wconf 83' lang='lat' dir='ltr'><strong>candore,</strong></span> <span class='ocrx_word' id='word_1_100' title='bbox 1132 2552 1270 2600; x_wconf 92' lang='lat' dir='ltr'><strong>morum</strong></span> <span class='ocrx_word' id='word_1_101' title='bbox 1285 2533 1436 2621; x_wconf 88' lang='lat' dir='ltr'><strong>denique</strong></span> 
     </span>
     <span class='ocr_line' id='line_1_16' title="bbox 324 2655 1359 2746; baseline 0.004 -24"><span class='ocrx_word' id='word_1_102' title='bbox 324 2655 525 2745; x_wconf 86' lang='lat' dir='ltr'><strong>integritate</strong></span> <span class='ocrx_word' id='word_1_103' title='bbox 549 2677 590 2725; x_wconf 88' lang='lat' dir='ltr'><strong>ac</strong></span> <span class='ocrx_word' id='word_1_104' title='bbox 616 2656 744 2723; x_wconf 89' lang='lat' dir='ltr'><strong>mentis</strong></span> <span class='ocrx_word' id='word_1_105' title='bbox 766 2656 964 2724; x_wconf 87' lang='lat' dir='ltr'><strong>constantia</strong></span> <span class='ocrx_word' id='word_1_106' title='bbox 987 2657 1089 2746; x_wconf 86' lang='lat' dir='ltr'><strong>longe</strong></span> <span class='ocrx_word' id='word_1_107' title='bbox 1113 2657 1292 2726; x_wconf 88' lang='lat' dir='ltr'><strong>cedebat&#39;’.</strong></span> <span class='ocrx_word' id='word_1_108' title='bbox 1315 2695 1359 2707; x_wconf 94' lang='lat'>-</span> 
     </span>
    </p>

    <p class='ocr_par' dir='ltr' id='par_1_4' title="bbox 315 2780 1436 3864">
     <span class='ocr_line' id='line_1_17' title="bbox 364 2780 1436 2870; baseline 0.003 -23"><span class='ocrx_word' id='word_1_109' title='bbox 364 2780 523 2848; x_wconf 90' lang='lat' dir='ltr'><strong>Breviter</strong></span> <span class='ocrx_word' id='word_1_110' title='bbox 558 2781 715 2870; x_wconf 88' lang='lat' dir='ltr'><strong>exposui,</strong></span> <span class='ocrx_word' id='word_1_111' title='bbox 750 2800 841 2869; x_wconf 89' lang='lat' dir='ltr'><strong>quae</strong></span> <span class='ocrx_word' id='word_1_112' title='bbox 877 2799 940 2849; x_wconf 89' lang='lat' dir='ltr'><strong>nos</strong></span> <span class='ocrx_word' id='word_1_113' title='bbox 975 2786 1010 2848; x_wconf 92' lang='lat' dir='ltr'><strong>et</strong></span> <span class='ocrx_word' id='word_1_114' title='bbox 1034 2781 1147 2849; x_wconf 92' lang='lat' dir='ltr'><strong>solum</strong></span> <span class='ocrx_word' id='word_1_115' title='bbox 1173 2780 1376 2849; x_wconf 88' lang='lat' dir='ltr'><strong>natalicium</strong></span> <span class='ocrx_word' id='word_1_116' title='bbox 1400 2788 1436 2850; x_wconf 89' lang='lat' dir='ltr'><strong>et</strong></span> 
     </span>
     <span class='ocr_line' id='line_1_18' title="bbox 318 2901 1432 2989; baseline 0.004 -18"><span class='ocrx_word' id='word_1_117' title='bbox 318 2910 469 2972; x_wconf 89' lang='lat' dir='ltr'><strong>stemma</strong></span> <span class='ocrx_word' id='word_1_118' title='bbox 492 2902 681 2987; x_wconf 55' lang='lat' dir='ltr'><strong>Cicerone,</strong></span> <span class='ocrx_word' id='word_1_119' title='bbox 707 2901 832 2989; x_wconf 89' lang='lat' dir='ltr'><strong>Ovidii,</strong></span> <span class='ocrx_word' id='word_1_120' title='bbox 856 2905 1009 2974; x_wconf 89' lang='lat' dir='ltr'><strong>Senecae</strong></span> <span class='ocrx_word' id='word_1_121' title='bbox 1033 2906 1226 2974; x_wconf 89' lang='lat' dir='ltr'><strong>admonent</strong></span> <span class='ocrx_word' id='word_1_122' title='bbox 1249 2905 1277 2972; x_wconf 92' lang='lat' dir='ltr'><strong>si</strong></span> <span class='ocrx_word' id='word_1_123' title='bbox 1296 2925 1339 2973; x_wconf 92' lang='lat' dir='ltr'><strong>ea</strong></span> <span class='ocrx_word' id='word_1_124' title='bbox 1350 2927 1432 2975; x_wconf 91' lang='lat' dir='ltr'><strong>cum</strong></span> 
     </span>
     <span class='ocr_line' id='line_1_19' title="bbox 319 3029 1433 3120; baseline 0.006 -27"><span class='ocrx_word' id='word_1_125' title='bbox 319 3029 561 3117; x_wconf 84' lang='lat' dir='ltr'><strong>progressione</strong></span> <span class='ocrx_word' id='word_1_126' title='bbox 599 3029 651 3096; x_wconf 88' lang='lat' dir='ltr'><strong>vel</strong></span> <span class='ocrx_word' id='word_1_127' title='bbox 688 3030 803 3117; x_wconf 88' lang='lat' dir='ltr'><strong>potins</strong></span> <span class='ocrx_word' id='word_1_128' title='bbox 846 3029 1074 3098; x_wconf 88' lang='lat' dir='ltr'><strong>dissolutione</strong></span> <span class='ocrx_word' id='word_1_129' title='bbox 1112 3032 1251 3120; x_wconf 90' lang='lat' dir='ltr'><strong>imperii</strong></span> <span class='ocrx_word' id='word_1_130' title='bbox 1285 3032 1433 3100; x_wconf 88' lang='lat' dir='ltr'><strong>Romani</strong></span> 
     </span>
     <span class='ocr_line' id='line_1_20' title="bbox 317 3152 1435 3242; baseline 0.007 -23"><span class='ocrx_word' id='word_1_131' title='bbox 317 3152 543 3229; x_wconf 83' lang='lat' dir='ltr'><strong>conferimus,</strong></span> <span class='ocrx_word' id='word_1_132' title='bbox 579 3153 711 3223; x_wconf 89' lang='lat' dir='ltr'><strong>scilicet</strong></span> <span class='ocrx_word' id='word_1_133' title='bbox 734 3173 793 3222; x_wconf 90' lang='lat' dir='ltr'><strong>eos</strong></span> <span class='ocrx_word' id='word_1_134' title='bbox 817 3174 939 3222; x_wconf 92' lang='lat' dir='ltr'><strong>omnes</strong></span> <span class='ocrx_word' id='word_1_135' title='bbox 962 3162 1126 3223; x_wconf 82' lang='lat' dir='ltr'><strong>externas</strong></span> <span class='ocrx_word' id='word_1_136' title='bbox 1153 3157 1242 3224; x_wconf 89' lang='lat' dir='ltr'><strong>uires</strong></span> <span class='ocrx_word' id='word_1_137' title='bbox 1265 3157 1435 3242; x_wconf 89' lang='lat' dir='ltr'><strong>attulisse,</strong></span> 
     </span>
     <span class='ocr_line' id='line_1_21' title="bbox 316 3276 1433 3367; baseline 0.005 -23"><span class='ocrx_word' id='word_1_138' title='bbox 316 3281 356 3344; x_wconf 87' lang='lat' dir='ltr'><strong>ut</strong></span> <span class='ocrx_word' id='word_1_139' title='bbox 378 3276 509 3346; x_wconf 87' lang='lat' dir='ltr'><strong>Romae</strong></span> <span class='ocrx_word' id='word_1_140' title='bbox 533 3297 677 3365; x_wconf 89' lang='lat' dir='ltr'><strong>scopum</strong></span> <span class='ocrx_word' id='word_1_141' title='bbox 699 3279 923 3366; x_wconf 84' lang='lat' dir='ltr'><strong>attingerent,</strong></span> <span class='ocrx_word' id='word_1_142' title='bbox 937 3298 1007 3367; x_wconf 92' lang='lat' dir='ltr'><strong>quo</strong></span> <span class='ocrx_word' id='word_1_143' title='bbox 1020 3280 1178 3347; x_wconf 89' lang='lat' dir='ltr'><strong>animum</strong></span> <span class='ocrx_word' id='word_1_144' title='bbox 1196 3281 1433 3351; x_wconf 88' lang='lat' dir='ltr'><strong>intenderant.</strong></span> 
     </span>
     <span class='ocr_line' id='line_1_22' title="bbox 317 3401 1433 3491; baseline 0.004 -22"><span class='ocrx_word' id='word_1_145' title='bbox 317 3401 568 3469; x_wconf 87' lang='lat' dir='ltr'><strong>Verumtamen</strong></span> <span class='ocrx_word' id='word_1_146' title='bbox 595 3401 660 3470; x_wconf 93' lang='lat' dir='ltr'><strong>hoc</strong></span> <span class='ocrx_word' id='word_1_147' title='bbox 684 3408 827 3491; x_wconf 84' lang='lat' dir='ltr'><strong>agentes</strong></span> <span class='ocrx_word' id='word_1_148' title='bbox 851 3423 921 3470; x_wconf 91' lang='lat' dir='ltr'><strong>non</strong></span> <span class='ocrx_word' id='word_1_149' title='bbox 939 3409 1078 3470; x_wconf 88' lang='lat' dir='ltr'><strong>tantum</strong></span> <span class='ocrx_word' id='word_1_150' title='bbox 1093 3404 1433 3486; x_wconf 87' lang='lat' dir='ltr'><strong>dabautcommoda‚</strong></span> 
     </span>
     <span class='ocr_line' id='line_1_23' title="bbox 315 3508 1430 3616; baseline 0.005 -23"><span class='ocrx_word' id='word_1_151' title='bbox 315 3525 375 3593; x_wconf 90' lang='lat' dir='ltr'><strong>sed</strong></span> <span class='ocrx_word' id='word_1_152' title='bbox 410 3527 516 3594; x_wconf 90' lang='lat' dir='ltr'><strong>etiam</strong></span> <span class='ocrx_word' id='word_1_153' title='bbox 555 3526 776 3616; x_wconf 89' lang='lat' dir='ltr'><strong>accipiebant</strong></span> <span class='ocrx_word' id='word_1_154' title='bbox 809 3508 1003 3595; x_wconf 81' lang='lat' dir='ltr'><strong>et&#39;soedus</strong></span> <span class='ocrx_word' id='word_1_155' title='bbox 1038 3548 1119 3596; x_wconf 89' lang='lat' dir='ltr'><strong>cum</strong></span> <span class='ocrx_word' id='word_1_156' title='bbox 1157 3529 1266 3599; x_wconf 85' lang='lat' dir='ltr'><strong>Roma</strong></span> <span class='ocrx_word' id='word_1_157' title='bbox 1297 3531 1430 3601; x_wconf 83' lang='lat' dir='ltr'><strong>sactum</strong></span> 
     </span>
     <span class='ocr_line' id='line_1_24' title="bbox 315 3650 1434 3741; baseline 0.009 -25"><span class='ocrx_word' id='word_1_158' title='bbox 315 3670 384 3718; x_wconf 89' lang='lat' dir='ltr'><strong>non</strong></span> <span class='ocrx_word' id='word_1_159' title='bbox 411 3651 486 3718; x_wconf 89' lang='lat' dir='ltr'><strong>sine</strong></span> <span class='ocrx_word' id='word_1_160' title='bbox 509 3650 582 3719; x_wconf 90' lang='lat' dir='ltr'><strong>acri</strong></span> <span class='ocrx_word' id='word_1_161' title='bbox 594 3650 714 3719; x_wconf 89' lang='lat' dir='ltr'><strong>dolore</strong></span> <span class='ocrx_word' id='word_1_162' title='bbox 727 3659 873 3741; x_wconf 91' lang='lat' dir='ltr'><strong>ruptum</strong></span> <span class='ocrx_word' id='word_1_163' title='bbox 887 3659 950 3720; x_wconf 91' lang='lat' dir='ltr'><strong>est.</strong></span> <span class='ocrx_word' id='word_1_164' title='bbox 975 3651 1064 3720; x_wconf 92' lang='lat' dir='ltr'><strong>Nam</strong></span> <span class='ocrx_word' id='word_1_165' title='bbox 1079 3654 1199 3723; x_wconf 83' lang='lat' dir='ltr'><strong>Cicero</strong></span> <span class='ocrx_word' id='word_1_166' title='bbox 1213 3656 1301 3724; x_wconf 92' lang='lat' dir='ltr'><strong>urbe</strong></span> <span class='ocrx_word' id='word_1_167' title='bbox 1314 3678 1434 3726; x_wconf 89' lang='lat' dir='ltr'><strong>carere</strong></span> 
     </span>
     <span class='ocr_line' id='line_1_25' title="bbox 315 3777 1435 3864; baseline 0.009 -23"><span class='ocrx_word' id='word_1_168' title='bbox 315 3794 386 3841; x_wconf 90' lang='lat' dir='ltr'><strong>non</strong></span> <span class='ocrx_word' id='word_1_169' title='bbox 430 3780 545 3864; x_wconf 91' lang='lat' dir='ltr'><strong>potest</strong></span> <span class='ocrx_word' id='word_1_170' title='bbox 566 3778 607 3862; x_wconf 84' lang='lat'><strong>³),</strong></span> <span class='ocrx_word' id='word_1_171' title='bbox 650 3777 716 3844; x_wconf 90' lang='lat' dir='ltr'><strong>etsi</strong></span> <span class='ocrx_word' id='word_1_172' title='bbox 757 3795 896 3844; x_wconf 93' lang='lat' dir='ltr'><strong>summo</strong></span> <span class='ocrx_word' id='word_1_173' title='bbox 939 3797 1058 3845; x_wconf 89' lang='lat' dir='ltr'><strong>amore</strong></span> <span class='ocrx_word' id='word_1_174' title='bbox 1099 3779 1260 3847; x_wconf 88' lang='lat' dir='ltr'><strong>dilexisse</strong></span> <span class='ocrx_word' id='word_1_175' title='bbox 1298 3781 1435 3850; x_wconf 89' lang='lat' dir='ltr'><strong>videtur</strong></span> 
     </span>
    </p>
   </div>
   <div class='ocr_carea' id='block_1_3' title="bbox 315 3961 1434 4504">
    <p class='ocr_par' dir='ltr' id='par_1_5' title="bbox 355 3961 832 4041">
     <span class='ocr_line' id='line_1_26' title="bbox 355 3961 832 4041; baseline 0.006 -21"><span class='ocrx_word' id='word_1_176' title='bbox 355 3963 387 4040; x_wconf 89' lang='lat' dir='ltr'><strong>l)</strong></span> <span class='ocrx_word' id='word_1_177' title='bbox 409 3961 671 4041; x_wconf 78' lang='lat' dir='ltr'><strong>liiepeubrock</strong></span> <span class='ocrx_word' id='word_1_178' title='bbox 694 3980 722 4041; x_wconf 90' lang='lat' dir='ltr'><strong>p.</strong></span> <span class='ocrx_word' id='word_1_179' title='bbox 745 3964 832 4024; x_wconf 73' lang='lat'><strong>3—4.</strong></span> 
     </span>
    </p>

    <p class='ocr_par' dir='ltr' id='par_1_6' title="bbox 357 4077 1227 4158">
     <span class='ocr_line' id='line_1_27' title="bbox 357 4077 1227 4158; baseline 0.005 -20"><span class='ocrx_word' id='word_1_180' title='bbox 357 4079 386 4152; x_wconf 66' lang='lat'><strong>2)</strong></span> <span class='ocrx_word' id='word_1_181' title='bbox 408 4077 668 4156; x_wconf 83' lang='lat' dir='ltr'><strong>Diepenbrock</strong></span> <span class='ocrx_word' id='word_1_182' title='bbox 690 4097 718 4158; x_wconf 92' lang='lat' dir='ltr'><strong>p.</strong></span> <span class='ocrx_word' id='word_1_183' title='bbox 740 4081 769 4151; x_wconf 81' lang='grc'><strong>8,</strong></span> <span class='ocrx_word' id='word_1_184' title='bbox 790 4078 855 4139; x_wconf 89' lang='lat' dir='ltr'><strong>Seu.</strong></span> <span class='ocrx_word' id='word_1_185' title='bbox 878 4078 911 4139; x_wconf 87' lang='lat' dir='ltr'><strong>ad</strong></span> <span class='ocrx_word' id='word_1_186' title='bbox 935 4079 968 4138; x_wconf 88' lang='lat' dir='ltr'><strong>H.</strong></span> <span class='ocrx_word' id='word_1_187' title='bbox 993 4098 1020 4139; x_wconf 94' lang='lat' dir='ltr'><strong>m</strong></span> <span class='ocrx_word' id='word_1_188' title='bbox 1052 4099 1076 4140; x_wconf 88' lang='lat' dir='ltr'><strong>c.</strong></span> <span class='ocrx_word' id='word_1_189' title='bbox 1100 4083 1227 4142; x_wconf 71' lang='lat' dir='ltr'><strong>lle—ld.</strong></span> 
     </span>
    </p>

    <p class='ocr_par' dir='ltr' id='par_1_7' title="bbox 315 4192 1434 4504">
     <span class='ocr_line' id='line_1_28' title="bbox 357 4192 1434 4278; baseline 0.006 -25"><span class='ocrx_word' id='word_1_190' title='bbox 357 4192 1434 4278; x_wconf 74' lang='lat' dir='ltr'><strong>3)Boissiercr&#39;c.e.s.a.p.13sq.ry1·1·etlrhuouuuionpto</strong></span> 
     </span>
     <span class='ocr_line' id='line_1_29' title="bbox 316 4307 1432 4394; baseline 0.008 -27"><span class='ocrx_word' id='word_1_191' title='bbox 316 4325 358 4385; x_wconf 81' lang='lat' dir='ltr'><strong>sq.</strong></span> <span class='ocrx_word' id='word_1_192' title='bbox 382 4307 426 4368; x_wconf 91' lang='lat' dir='ltr'><strong>W.</strong></span> <span class='ocrx_word' id='word_1_193' title='bbox 447 4308 564 4370; x_wconf 85' lang='lat' dir='ltr'><strong>ercas</strong></span> <span class='ocrx_word' id='word_1_194' title='bbox 587 4310 733 4372; x_wconf 87' lang='lat' dir='ltr'><strong>Collins</strong></span> <span class='ocrx_word' id='word_1_195' title='bbox 755 4311 854 4373; x_wconf 87' lang='lat' dir='ltr'><strong>Cicero</strong></span> <span class='ocrx_word' id='word_1_196' title='bbox 875 4311 991 4388; x_wconf 86' lang='lat' dir='ltr'><strong>(Ediub.</strong></span> <span class='ocrx_word' id='word_1_197' title='bbox 1010 4349 1048 4357; x_wconf 93' lang='lat'>—</span> <span class='ocrx_word' id='word_1_198' title='bbox 1061 4313 1149 4374; x_wconf 85' lang='lat' dir='ltr'><strong>hond.</strong></span> <span class='ocrx_word' id='word_1_199' title='bbox 1163 4317 1252 4389; x_wconf 75' lang='lat'><strong>1901)</strong></span> <span class='ocrx_word' id='word_1_200' title='bbox 1264 4333 1291 4394; x_wconf 94' lang='lat' dir='ltr'><strong>p.</strong></span> <span class='ocrx_word' id='word_1_201' title='bbox 1305 4318 1432 4376; x_wconf 70' lang='lat' dir='ltr'><strong>eri-46.</strong></span> 
     </span>
     <span class='ocr_line' id='line_1_30' title="bbox 315 4421 1248 4504; baseline 0.009 -22"><span class='ocrx_word' id='word_1_202' title='bbox 315 4421 391 4484; x_wconf 86' lang='lat' dir='ltr'><strong>luha</strong></span> <span class='ocrx_word' id='word_1_203' title='bbox 412 4441 472 4503; x_wconf 87' lang='lat' dir='ltr'><strong>cap.</strong></span> <span class='ocrx_word' id='word_1_204' title='bbox 494 4423 530 4486; x_wconf 89' lang='lat' dir='ltr'><strong>de</strong></span> <span class='ocrx_word' id='word_1_205' title='bbox 550 4425 649 4504; x_wconf 85' lang='lat' dir='ltr'><strong>patria.</strong></span> <span class='ocrx_word' id='word_1_206' title='bbox 1246 4461 1248 4464; x_wconf 95' lang='lat'>·</span> 
     </span>
    </p>
   </div>
   <div class='ocr_carea' id='block_1_4' title="bbox 0 0 1872 5518">
    <p class='ocr_par' dir='ltr' id='par_1_8' title="bbox 0 0 1872 5518">
     <span class='ocr_line' id='line_1_31' title="bbox 0 0 1872 5518; baseline 0 2"><span class='ocrx_word' id='word_1_207' title='bbox 0 0 1872 5518; x_wconf 95' lang='lat' dir='ltr'><strong> </strong></span> 
     </span>
    </p>
   </div>
  </div>
 </body>
</html>
