3778 5488
935 727 1001 796 222

452 896 595 966 Horatio
610 897 790 988 Augustus
802 907 964 968 mortuus
977 920 1058 970 cum
1071 899 1147 968 deis
1157 901 1523 970 videturaccumbere:

645 1043 708 1102 Huc
728 1049 793 1103 erte
813 1043 923 1103 Pollux
945 1048 975 1102 et
997 1063 1092 1121 vagus
1112 1044 1256 1104 Hercules

645 1159 754 1219 Euisus
774 1161 851 1219 ercis
871 1159 972 1236 attigit
993 1161 1106 1236 igneas,

645 1275 726 1346 Quos
747 1277 826 1335 inter
851 1277 1006 1353 Augustus
1029 1276 1204 1335 recumbens

684 1391 839 1473 Purpureo
861 1391 942 1451 bibet
963 1409 1014 1452 ore
1035 1397 1146 1450 nectar.

1136 1507 1238 1585 (carm.
1261 1507 1309 1564 ΙΙΙ
1331 1508 1481 1584 ast-12),

404 1651 624 1736 praesentem
648 1643 753 1710 deum
779 1641 903 1709 adorat
926 1641 1027 1730 epist.
1052 1639 1082 1707 11
1107 1639 1137 1707 l.
1164 1638 1312 1707 15-17:

561 1787 716 1845 Praesenti
738 1786 792 1844 tibi
817 1791 948 1844 msturos
970 1783 1116 1860 largimur
1138 1783 1274 1859 honores,

560 1901 767 1978 Iursndasque
788 1906 873 1960 tuum
895 1919 948 1978 per
968 1918 1076 1959 nomen
1099 1901 1236 1978 ponimns
1256 1918 1333 1976 ares,

560 2018 611 2078 Nil
633 2018 778 2076 oriturum
801 2016 885 2092 alias,
907 2016 949 2075 nil
970 2020 1067 2076 ortum
1090 2015 1150 2074 tale
1170 2015 1307 2075 fatentes.

446 2179 599 2250 Velleius
622 2175 668 2265 (ll
694 2175 760 2244 123
782 2177 804 2244 i.
829 2176 867 2260 f.)
891 2176 935 2244 de
958 2175 1117 2262 Augusto
1139 2176 1327 2244 moriente:
1341 2177 1517 2260 ‚animam

400 2305 586 2374 caelestem
612 2300 708 2370 caelo
731 2299 916 2369 reddidit.''

441 2429 601 2498 Valerius
615 2426 790 2494 Maximus
802 2431 919 2492 autem
934 2425 970 2492 in
984 2423 1200 2512 praefatione
1213 2426 1328 2512 operis
1340 2426 1395 2493 sui
1406 2446 1518 2514 aeque

399 2552 595 2623 adulatorie
609 2548 777 2630 „delirat”
790 2555 896 2637 atque
911 2547 1057 2617 Ovidius
1069 2549 1143 2637 (Tr.
1156 2549 1200 2620 IV
1215 2547 1302 2635 420,
1316 2550 1519 2619 Boissier

401 2679 530 2768 Oppos.
568 2675 663 2760 15lslz
701 2673 849 2757 „Cetera
872 2673 1036 2741 divinitas
1058 2675 1222 2762 opinione
1246 2674 1432 2765 colligitur,
1455 2683 1517 2744 tua

399 2799 743 2891 (Tiberiitpraesenti
752 2798 819 2866 lide
830 2800 1149 2888 paternoavitoque
1158 2799 1263 2870 sideri
1272 2821 1337 2887 par
1346 2800 1517 2869 videtur.’'

443 2925 644 2996 Praemium
697 2930 815 2992 temen
865 2924 901 2990 in
943 2923 1169 2992 'adulatorum
1210 2925 1403 2994 certamine
1446 2945 1515 2993 non

397 3051 587 3133 Romanus,
625 3049 684 3117 sed
721 3049 920 3116 Germanus
958 3047 1015 3116 ille
1050 3054 1247 3136 reportasse
1284 3048 1432 3132 videtur,
1456 3049 1517 3136 qui

398 3177 507 3266 petiit,
532 3175 652 3243 liceret
675 3174 740 3242 sibi
764 3172 880 3240 Albim
905 3173 1115 3261 transgredi,
1141 3182 1179 3241 ut
1196 3172 1374 3244 Tiberium
1388 3172 1511 3242 Caesa·

396 3322 471 3369 rem
505 3299 648 3378 videret,
683 3298 815 3386 quique
851 3297 910 3364 diu
946 3317 1028 3365 eum
1057 3297 1334 3386 contemplatus:
1360 3297 1514 3380 „Hodie”

396 3426 512 3512 inquit
535 3421 627 3506 „vidi
651 3421 752 3490 deos:
777 3441 840 3489 neo
864 3421 1057 3489 feliciorem
1081 3423 1194 3489 ullum
1219 3423 1310 3491 vitae
1334 3441 1433 3489 meae
1453 3428 1515 3489 aut

396 3549 514 3637 optavi
537 3551 600 3614 aut
623 3547 714 3612 sensi
735 3545 851 3613 diem’'
877 3546 979 3632 (Veli.
1005 3545 1036 3613 Il
1059 3544 1152 3630 107).

440 3671 563 3760 Neque
599 3669 737 3760 scriptis
772 3674 912 3738 tantum
947 3669 1006 3737 sed
1043 3671 1169 3738 statuis
1203 3670 1310 3740 etiem
1335 3671 1513 3759 signisque

396 3795 535 3886 publice
570 3794 734 3862 divinitas
769 3793 920 3882 Augusti
954 3795 1120 3883 insignita
1154 3801 1217 3879 est,
1241 3801 1281 3864 ut
1303 3802 1452 3884 apparet
1471 3815 1513 3862 ex

395 3929 512 3989 statua
536 3918 718 3986 notissima
746 3917 892 4007 Augusti
917 3918 1512 4008 loricati,cuiuspedesnudideurn

397 4045 448 4112 vel
473 4042 666 4112 semideum
692 4041 849 4110 indicant
873 4042 1004 4128 (Jahn
1028 4063 1084 4131 ap.
1107 4042 1258 4112 Sellas
1282 4066 1314 4134 p.
1339 4042 1398 4129 18)
1415 4051 1451 4111 et
1470 4064 1512 4111 ex

394 4168 471 4238 aliis
494 4173 530 4236 et
553 4188 595 4236 ex
619 4186 759 4256 gemma
784 4166 976 4256 Augustas,
999 4167 1136 4255 depicta
1149 4168 1241 4255 apud
1265 4168 1513 4252 seeckium

394 4293 454 4362 ubi
490 4293 672 4381 Augustus
708 4292 799 4361 lovis
833 4292 902 4360 fert
935 4312 1131 4380 personam.
1163 4290 1240 4371 Qua
1272 4313 1309 4362 re
1336 4293 1514 4362 hodiernis

394 4417 596 4487 hominibus
631 4416 718 4484 nihil
745 4416 847 4484 vilius
870 4437 946 4484 esse
964 4416 1113 4501 videtur,
1137 4417 1230 4484 nihil
1254 4417 1438 4504 abiectius
1460 4419 1519 4487 sed
