3792 5486
848 757 893 824 99

469 957 599 1033 Tempus
620 954 698 1014 edax
719 954 813 1032 igitur
833 960 951 1032 praeter
973 973 1026 1014 nce
1047 956 1148 1015 emnia
1172 954 1278 1033 perdit,

511 1071 613 1132 Cessat
634 1069 746 1128 duritia
767 1087 846 1129 mers
866 1088 985 1148 quoque
1008 1070 1085 1128 victa
1107 1088 1180 1129 mea.

1108 1185 1159 1258 (ie.
1181 1184 1226 1243 rv
1249 1185 1390 1264 lca-a)

356 1345 479 1438 Neque
502 1365 543 1414 ea
566 1345 684 1414 iuveni
708 1343 926 1427 accidebant,
938 1344 997 1412 sed
1014 1344 1087 1413 viro
1100 1345 1170 1413 iam
1184 1351 1266 1413 ante
1283 1343 1428 1411 exilium

311 1471 527 1540 senescenti:

472 1642 537 1700 Iam
558 1641 631 1699 milri
651 1640 777 1700 canities
798 1640 891 1718 pulsis
912 1639 1085 1700 melioribus
1105 1641 1193 1699 anuis

511 1757 653 1833 Venerat,
675 1756 815 1834 antiquas
836 1757 1055 1834 miscueratque
1075 1774 1184 1832 ccmas,

471 1871 602 1949 Postque
625 1889 704 1930 mees
724 1876 809 1931 crtus
829 1872 936 1931 Pisaea
959 1871 1075 1931 vinctus
1095 1870 1176 1931 elisa

513 1985 687 2046 Abstulerat
706 1985 803 2046 decies
824 1987 957 2064 praemia
978 1987 1072 2046 victer
1092 2003 1192 2064 eques,

472 2101 549 2162 (lum
571 2102 661 2162 marie
682 2103 795 2161 Euxini
816 2103 927 2181 penites
947 2102 985 2162 ad
1006 2102 1093 2161 laesa
1113 2102 1246 2161 Tomitas

513 2217 664 2286 Quaerere
686 2235 733 2276 me
753 2217 827 2276 laesi
848 2217 991 2296 principis
1010 2218 1057 2276 ira
1078 2217 1170 2277 iubet.

1061 2330 1124 2410 (Tr.
1146 2331 1191 2390 IV
1214 2331 1394 2404 lose-ee)

473 2447 536 2506 Iam
559 2465 625 2506 mea
645 2464 771 2524 cycneas
791 2445 948 2505 imitantur
968 2451 1102 2524 tempora
1123 2447 1249 2524 plumas,

513 2561 613 2621 ludcit
633 2569 664 2621 et
684 2563 786 2640 nigras
806 2563 876 2622 alba
896 2567 1016 2622 senecta
1036 2581 1146 2623 comas.

475 2678 538 2736 lam
560 2678 689 2736 subeunt
709 2679 781 2736 anni
801 2676 924 2756 fragiles
944 2682 975 2736 et
996 2678 1121 2738 inertior
1141 2683 1233 2755 aetas,

513 2793 637 2870 Iamque
659 2811 764 2871 parum
784 2791 870 2853 firmo
893 2811 939 2852 me
961 2793 1033 2852 mihi
1054 2791 1134 2853 ferre
1153 2811 1247 2870 grase
1268 2800 1320 2852 est⁴

1199 2909 1250 2984 (ib.
1275 2909 1393 2983 8.1-4)

475 3024 539 3082 lam
562 3023 635 3082 milri
656 3023 787 3083 deterior
807 3024 889 3082 cauis
910 3023 1100 3100 adspergitur
1119 3028 1211 3093 aetas,

516 3138 638 3216 lamque
660 3156 741 3198 meos
762 3137 863 3198 vultus
883 3155 960 3214 ruga
980 3137 1083 3196 senilis
1104 3141 1170 3196 arat
1182 3181 1189 3197 .
1202 3183 1208 3196 .
1221 3181 1249 3198 ..

474 3253 624 3314 Occfltecr
645 3253 743 3313 facere
765 3254 819 3314 lrcc
839 3271 943 3312 annes.

1049 3367 1102 3446 (ex
1123 3368 1157 3428 Ρ.
1179 3369 1262 3428 14.1
1286 3386 1340 3444 sq„
1362 3369 1392 3439 r)

358 3537 555 3605 Pessimum
579 3542 698 3604 tamen
723 3536 934 3624 supplicium
959 3535 1131 3622 asperitas
1151 3542 1228 3602 erat
1242 3535 1376 3616 hiemis
1389 3533 1432 3599 de

317 3681 387 3750 qua
413 3659 588 3728 mirabilia
614 3661 726 3728 multa
749 3659 880 3728 tradit:

358 3831 404 3897 1⁰.
453 3827 599 3897 astuci
624 3847 820 3916 numquam
845 3827 904 3894 nix
931 3827 1118 3914 liquescat:

476 3981 539 4039 Nix
559 3981 646 4050 iacet,
667 3979 825 4042 attactam
847 3997 885 4037 ne
906 3979 950 4037 sol
971 3977 1150 4055 pluviaeque
1172 3976 1333 4045 resolvant,

516 4095 644 4154 Indural
664 4095 768 4154 boreas
789 4098 1023 4171 perpetuamque
1043 4093 1122 4152 lacit.

476 4210 556 4287 llrgc
577 4210 627 4269 ubi
649 4209 771 4270 delicuit
792 4207 923 4267 neudum
945 4208 1035 4284 prior,
1056 4207 1151 4266 altera
1173 4207 1254 4266 venit

514 4325 552 4384 lit
572 4324 646 4385 solet
666 4325 697 4384 iu
720 4323 822 4384 mulda
842 4323 923 4382 bima
944 4341 1064 4382 manere
1085 4322 1165 4382 locis.

1058 4437 1121 4512 (l'r.
1142 4438 1190 4496 111
1214 4439 1393 4510 tale-16)
