3778 5488
860 674 927 743 235

329 872 573 962 prohibuerint
596 874 788 961 quominus
808 872 935 942 idoneo
958 877 1118 962 tempore
1142 871 1176 941 id
1198 869 1448 953 iaceret(011m

328 997 372 1066 nd
396 996 566 1067 familiam
592 997 727 1065 litteras
749 997 821 1078 det,
845 1017 881 1065 se
895 995 1449 1086 ipsorumcnusasecontinnisse

328 1121 510 1191 contendit
524 1121 592 1209 1));
617 1120 782 1206 „Utinam
793 1121 894 1190 iilum
907 1121 1000 1190 diem
1016 1121 1164 1205 rideam,
1176 1141 1258 1190 cnm
1271 1120 1334 1189 tibi
1346 1140 1448 1209 agam

328 1247 471 1335 gratias,
494 1245 588 1336 qnod
617 1265 671 1314 me
696 1246 811 1315 vivere
835 1247 994 1336 coegisti!
1021 1245 1147 1315 Adhuc
1171 1245 1334 1333 equidem
1352 1243 1449 1312 valde

330 1391 386 1438 me
422 1372 577 1460 paenitet
610 1370 670 1455 (ed
705 1370 778 1440 Att.
814 1369 937 1459 1113).
969 1369 1032 1455 Ne,
1070 1371 1117 1438 mi
1141 1369 1323 1457 Pomponi,
1351 1367 1449 1436 valde

331 1495 487 1584 paenitet
523 1496 655 1564 vivere:
687 1516 759 1585 qua
784 1496 820 1563 in
846 1516 884 1563 ro
908 1495 1002 1585 apud
1029 1503 1146 1564 metu
1173 1495 1364 1584 plurimum
1391 1516 1451 1563 va·

330 1619 427 1689 inisti
448 1619 509 1705 (ib.
532 1619 581 1710 4).
605 1620 704 1701 Quod
721 1622 859 1691 utinam
874 1621 991 1690 minus
1005 1621 1094 1689 vitae
1107 1619 1226 1711 cupidi
1239 1620 1448 1688 fuissemus!

330 1745 433 1814 Certe
467 1745 553 1813 nihil
587 1752 651 1816 eut
684 1767 754 1816 non
789 1747 939 1815 multum
963 1747 999 1814 in
1025 1747 1096 1814 vitu
1121 1745 1203 1814 mali
1229 1745 1446 1813 vidissemus,

331 1870 430 1951 Quod
467 1871 495 1939 si
531 1889 594 1939 nos
625 1871 668 1940 ed
700 1872 855 1961 aliquam
887 1871 1036 1942 alicuius
1060 1870 1235 1940 commodi
1258 1869 1448 1958 aliqnando

330 1995 565 2085 recuperandi
600 2016 698 2085 spem
733 1996 878 2066 fortuna
908 1997 1110 2078 reservavit,
1136 1997 1252 2064 minus
1275 2001 1328 2063 est
1350 2015 1449 2063 erra·

332 2128 408 2189 tum
432 2142 454 2188 a
477 2119 592 2205 nobis;
616 2121 668 2188 sin
695 2121 782 2190 bueo
807 2123 898 2191 maia
923 2122 992 2190 fixa
1015 2128 1448 2210 suntegoverotequam

333 2246 498 2335 primum,
533 2266 612 2313 mea
647 2245 729 2324 vita,
764 2247 867 2334 cupio
898 2246 1016 2315 videre
1047 2251 1083 2315 et
1112 2247 1148 2314 in
1180 2253 1241 2314 tuo
1265 2242 1448 2332 complexu

330 2370 442 2439 emori
465 2370 522 2455 (ad
548 2370 572 2439 i.
597 2370 677 2439 XIV
701 2369 1056 2459 4.t).=Honestissime
1072 2371 1232 2448 viximus,
1245 2368 1449 2451 floruimns3
1570 2389 1574 2396 ·

332 2514 402 2562 non
428 2493 553 2562 vitium
577 2502 750 2580 nostrum,
774 2496 834 2564 sed
860 2497 972 2564 virtus
995 2504 1115 2565 nostra
1139 2514 1203 2565 nos
1219 2491 1451 2564 afflixitpec·

331 2624 450 2687 catum
474 2623 528 2686 est
551 2620 699 2704 nullum,
724 2603 791 2690 nisi
814 2621 907 2710 quod
933 2641 1003 2690 non
1029 2642 1099 2689 nnn
1121 2621 1276 2688 animam
1299 2637 1380 2687 oum
1394 2635 1451 2684 or·

331 2744 507 2811 namentis
528 2745 722 2814 emisimus.
746 2745 814 2814 Sed
831 2747 859 2814 si
874 2746 939 2816 hoc
951 2746 1019 2814 fuit
1031 2746 1150 2814 liberis
1164 2744 1292 2813 nostris
1303 2742 1449 2832 gratius,

331 2886 396 2935 nos
420 2868 546 2954 vivere,
570 2875 697 2950 cetere,
714 2891 932 2960 quamquam
944 2870 1091 2940 ferenda
1103 2891 1173 2938 non
1187 2876 1280 2952 sunt,
1294 2868 1452 2935 feremus

331 2991 393 3080 (ib.
424 2991 442 3082 ξ
472 2992 518 3076 5).
543 2992 643 3073 Quod
669 3015 724 3063 me
747 2994 792 3064 nd
818 2996 925 3063 vitam
951 3015 1063 3078 voces,
1085 3015 1196 3063 unum
1220 2993 1340 3071 efficis,
1366 2997 1450 3058 uta

334 3137 388 3185 me
420 3135 548 3186 manns
570 3118 785 3203 abstineam,
817 3119 968 3188 alterum
1001 3141 1070 3188 non
1103 3126 1212 3208 potes,
1236 3123 1277 3186 ut
1300 3135 1357 3186 mo
1381 3136 1450 3183 non

331 3242 442 3311 nostri
465 3243 601 3314 consilii
614 3244 775 3333 vitaeque
788 3245 966 3334 paeniteat
979 3296 987 3312 .
1002 3294 1010 3310 .
1024 3297 1031 3312 .
1047 3295 1054 3310 .
1071 3243 1143 3314 Hoc
1156 3243 1305 3325 affirmo,
1317 3240 1451 3310 nemini

334 3373 482 3436 mortem
509 3369 619 3456 magis
641 3368 833 3458 optandam
858 3368 976 3437 inisse.
1001 3369 1110 3438 Cuius
1130 3366 1349 3456 oppetendae
1362 3369 1452 3432 tem·

332 3511 398 3579 pus
415 3491 708 3562 honestissimum
732 3494 1021 3581 praetermissum
1045 3498 1116 3576 est3
1142 3492 1451 3581 reliquatempore

332 3707 398 3750 oum
432 3689 583 3768 splendore
614 3688 696 3759 vitae.
729 3697 791 3751 tum
824 3689 924 3751 mortis
945 3687 1102 3769 tompore.”
1127 3677 1246 3751 Cetuius
1267 3688 1344 3750 enirn
1367 3687 1452 3749 modo

334 3811 466 3865 mortuus
486 3812 555 3876 oret,
576 3804 675 3866 Cicero
698 3823 763 3866 voro
785 3804 857 3866 iliud
879 3805 909 3866 in
933 3823 1046 3866 summa
1069 3804 1158 3885 gioria
1182 3803 1323 3866 moriendi
1339 3813 1453 3883 ternpus

285 3957 290 3962 -
332 3919 532 3999 praetermisit,
552 3921 637 3983 ouius
658 3921 741 3983 nimii
763 3921 836 3984 vitae
857 3921 964 3983 erroris
986 3928 1082 4002 postea
1104 3921 1208 3983 acriter
1228 3941 1258 3982 se
1276 3919 1452 4000 paenituisse

332 4033 412 4100 dicit.
705 4016 709 4026 ’

373 4154 404 4226 t)
444 4151 509 4213 Vid.
530 4153 560 4214 ll.
581 4153 628 4214 oit.
650 4172 685 4215 ex
707 4154 740 4216 ad
763 4155 797 4226 Q.
820 4155 854 4215 ir.
876 4162 902 4216 et
924 4145 959 4215 ed
982 4155 1000 4215 i.
1023 4162 1051 4216 et
1072 4155 1168 4216 locum
1191 4154 1224 4215 ad
1248 4154 1305 4215 Au.
1324 4153 1453 4224 tuton,

335 4267 383 4328 uti
406 4267 556 4331 insolitum
576 4269 648 4331 illud
671 4269 700 4330 in
723 4269 805 4330 initio
826 4269 861 4350 (ὅ
878 4269 1451 4350 t)„vobis”fortasseiodioetepistulam

333 4383 419 4446 etiem
439 4385 504 4446 eliis
525 4403 696 4466 responsum
717 4404 779 4447 esso
800 4384 979 4448 destinatam,
