3778 5488
632 1981 927 2093 CAPUT
966 1981 1155 2089 VIII.

811 2253 968 2272 ἊΜΛΛΛΛΛ

441 2406 506 2499 DE
538 2405 768 2500 lPSORUM
802 2405 1022 2499 EXULUM
1055 2404 1356 2500 counussus,

287 2655 302 2662 ·
376 2636 536 2705 Cicero
569 2635 640 2703 iam
678 2634 788 2703 inuito
825 2639 907 2702 ante
940 2633 1114 2702 inflictum
1139 2632 1272 2703 malum
1297 2634 1451 2723 quietem

332 2760 398 2829 sibi
432 2780 470 2829 se
505 2780 623 2828 emere
657 2779 759 2849 posse
793 2759 926 2828 sciebat
948 2764 1011 2827 aut
1033 2779 1085 2842 co,
1109 2758 1203 2848 quod
1228 2759 1450 2847 optimatium

334 2885 493 2976 partibus
517 2884 647 2954 relictis
671 2903 751 2952 cum
777 2884 972 2953 triumviris
995 2903 1032 2952 se
1045 2883 1274 2968 consociaret,
1286 2890 1350 2954 aut
1362 2885 1453 2952 vitae

332 3030 369 3079 se
403 3010 548 3079 dederet
582 3009 723 3078 otiosae.
757 3007 846 3076 illud
879 3027 963 3076 vero
986 3007 1176 3092 levitatem,
1200 3009 1309 3077 immo
1334 3009 1453 3099 prodi-

333 3134 465 3203 tionem
485 3131 709 3203 existimabat
732 3133 888 3217 rationis,
913 3152 1019 3221 quam
1045 3132 1081 3199 in
1094 3153 1132 3200 re
1145 3132 1287 3221 publica
1299 3134 1454 3222 gerenda

333 3263 476 3327 secutus
497 3243 585 3342 erat,
608 3278 826 3348 quamquam
850 3257 943 3326 soret
966 3255 1123 3342 „reditus
1146 3258 1182 3325 in
1206 3260 1355 3345 gratiam
1370 3278 1451 3328 cum

334 3382 495 3465 inimicis,
530 3404 597 3472 pax
633 3403 713 3452 cum
752 3381 988 3460 multitudine,
1020 3383 1213 3451 senectutis
1235 3382 1370 3450 otium’'
1394 3383 1452 3468 (ad

334 3505 406 3574 nu.
430 3505 462 3574 11
484 3504 541 3576 33
563 3527 672 3595 supra
697 3526 728 3596 p.
749 3505 843 3588 170).
869 3505 981 3574 Minui
1003 3507 1098 3586 enirn
1122 3505 1188 3574 sibi
1203 3527 1327 3574 auram
1341 3526 1455 3596 popu·

334 3630 444 3698 larem
468 3631 652 3716 sentiebat,
676 3651 782 3719 quam
807 3650 947 3719 semper
964 3629 1058 3719 apud
1072 3629 1226 3714 „bonos”
1239 3638 1455 3720 captaverat,

334 3755 491 3824 faverem
515 3755 729 3843 plebeculae,
753 3755 983 3840 „contionalis
1010 3754 1182 3823 hirudinis
1212 3756 1361 3825 aerarii”
1393 3757 1452 3843 (ad

336 3879 408 3948 att.
431 3879 445 3948 l
470 3878 586 3969 tuit)
609 3901 735 3970 parum
759 3901 900 3959 curans,
924 3877 1137 3967 usqueadeo
1150 3889 1189 3947 ut
1202 3881 1453 3970 „popularem”

335 4023 372 4073 se
395 4003 512 4074 dicere
535 4025 643 4075 ausus
659 4013 761 4091 esset,
774 4027 854 4076 cum
869 4005 988 4095 popuii
1000 4006 1112 4094 ipsius
1125 4005 1297 4073 voluntati
1309 4011 1454 4074 etcum·

337 4130 440 4197 cnudo
472 4139 686 4220 repugnaret
723 4132 760 4198 in
784 4128 1020 4200 dissuadenda
1054 4129 1128 4220 iege
1151 4128 1290 4218 agraria
1307 4131 1347 4217 ¹).
1373 4127 1454 4214 Otii,

335 4254 442 4323 etiam
478 4254 658 4343 dignitatis
685 4255 849 4343 expertis,
873 4255 1028 4343 primurn
1058 4253 1141 4323 iecit
1166 4253 1362 4344 periculum
1387 4253 1454 4339 (Cf.

381 4488 410 4567 i)
451 4485 486 4548 de
510 4487 564 4566 leg.
585 4507 645 4568 ugr.
666 4487 692 4548 ΙΙ
713 4491 731 4549 9
753 4506 795 4568 sq.
818 4495 847 4550 et
868 4487 984 4568 passim,
1007 4485 1455 4558 Cuchevnilitffltffl.
