3734 5518
827 685 872 755 33

336 882 609 972 Insequentibus
639 883 742 951 anuis
765 881 970 953 Ciceronem
995 882 1120 953 crebro
1143 903 1165 951 a
1187 884 1325 951 ratione
1351 900 1417 950 sua

294 1027 336 1076 ac
371 1007 427 1076 via
460 1007 697 1076 discedentem
731 1007 909 1091 videmus3
944 1027 1141 1097 numquam
1175 1018 1294 1075 tamen
1330 1005 1419 1074 obli·

295 1131 499 1201 viscendum
513 1130 613 1201 estid
626 1131 742 1221 ipsum
756 1132 800 1200 de
812 1131 993 1221 republica
1005 1131 1159 1220 gerenda
1168 1131 1234 1200 sibi
1244 1137 1417 1212 constare,

296 1275 338 1325 eo
362 1263 532 1346 tempore,
549 1276 730 1346 quosnam
742 1258 892 1346 quisque
905 1256 1014 1326 solam
1030 1255 1218 1325 utilitatem
1231 1259 1417 1346 spectaret,

295 1418 341 1429 -
370 1387 492 1470 aperte
525 1379 604 1448 Piso
639 1380 762 1450 consul
797 1380 977 1469 professus
1011 1386 1081 1448 est:
1115 1379 1203 1464 „sibi
1238 1398 1417 1470 quemque

298 1503 483 1574 consulere
510 1475 704 1591 oportere’'v
720 1504 771 1591 (iu
796 1502 864 1572 Pis.
888 1503 948 1593 12)
974 1544 1013 1552 —
1038 1524 1107 1572 non
1136 1505 1319 1572 minimam
1343 1522 1419 1570 esse

300 1628 450 1698 laudem.
474 1627 510 1696 si
532 1629 612 1716 quis
634 1628 894 1718 reprehendere
921 1630 1033 1713 vellet,
1051 1629 1143 1718 quod
1159 1636 1301 1719 praetor
1313 1629 1419 1698 Pom-¹

300 1754 448 1843 pelanus
482 1751 550 1821 fuit
579 1758 615 1821 et
639 1753 829 1841 popularis,
854 1753 977 1823 consul
1000 1761 1145 1822 senatus
1166 1761 1420 1843 propugnator,

298 1877 485 1967 utrobique
498 1876 634 1946 fortiori
646 1878 739 1966 parti
750 1877 923 1962 addictus,
935 1879 1009 1969 ipse
1022 1879 1142 1969 procul
1156 1878 1264 1947 dubio
1274 1896 1421 1967 respon-

300 2002 419 2082 disset,
443 2021 534 2090 qnae
558 2007 680 2090 postea
699 2002 805 2071 simili
826 2003 1074 2093 vituperationi
1098 2003 1277 2093 opposuit:
1292 2022 1420 2086 „uum-

303 2147 411 2218 quam
447 2128 482 2195 in
518 2126 780 2216 praestantibus
815 2127 851 2196 in
879 2127 1060 2217 republica
1082 2126 1314 2218 gubernanda
1339 2125 1422 2195 viris

300 2250 482 2320 laudatam
516 2270 592 2318 esee
625 2258 833 2341 perpetuam
859 2253 895 2320 in
928 2273 999 2322 una
1027 2252 1202 2321 sententia
1225 2249 1423 2341 permansi-

301 2395 425 2459 onem;
449 2375 669 2463 temporibus
692 2376 958 2445 assentiendum
982 2397 1076 2461 esse3
1090 2375 1419 2445 bonostunciuisse

304 2502 339 2570 in
372 2499 554 2590 republica
588 2501 786 2590 principes'’
802 2503 832 2590 1)
866 2510 902 2572 et
935 2503 1020 2571 talia
1056 2502 1177 2587 multe,
1213 2521 1304 2591 quae
1341 2500 1422 2569 licet

304 2624 424 2693 inania
447 2630 630 2715 praetexte
653 2627 733 2714 quis
757 2629 900 2708 vocarit,
925 2627 1071 2697 meliora
1093 2627 1178 2695 dare
1201 2647 1271 2694 non
1296 2627 1422 2715 potuit,

305 2751 365 2838 qui
389 2748 549 2818 confiteri
573 2748 683 2818 nollet
705 2756 823 2840 togam
848 2753 994 2822 cessisse
1017 2753 1136 2820 armis.
1161 2751 1204 2820 Et
1226 2751 1367 2839 saepius
1386 2749 1422 2816 in

304 2875 357 2959 iis,
391 2894 483 2964 quac
518 2873 634 2964 primo
665 2882 810 2964 aspectu
834 2876 986 2945 levitatis
1009 2877 1161 2965 speciem
1187 2873 1424 2965 praebent·-

306 3005 347 3068 ut
391 2999 447 3067 lex
494 2997 638 3067 Manilia
684 2999 829 3090 Pompei
867 3002 982 3092 gratia
1016 3000 1171 3080 defensa,
1206 2997 1425 3089 impugnatio

305 3124 391 3213 legis
422 3123 600 3208 Serviliae,
637 3145 709 3213 qua
744 3126 932 3215 optimates
962 3124 1051 3194 fovit
1071 3163 1117 3174 —
1140 3144 1222 3192 cum
1245 3123 1322 3192 eius
1345 3142 1425 3190 sen-

307 3249 436 3316 tentias
477 3246 520 3315 de
562 3247 744 3337 republica
786 3250 1061 3334 consideramus,
1100 3249 1298 3338 reperimus
1342 3266 1425 3314 eum

307 3391 452 3462 operam
475 3370 613 3440 dedisse
633 3378 674 3441 ut
685 3374 779 3442 inter
791 3381 910 3464 partes
921 3379 1076 3443 exstaret
1087 3373 1266 3462 quoddam
1278 3370 1427 3459 aequili-

310 3497 425 3566 brium
480 3515 598 3584 neque
650 3518 726 3567 esse
781 3520 846 3569 cur
891 3499 1013 3568 Dionia
1034 3499 1064 3586 2)
1110 3516 1231 3566 severo
1277 3497 1428 3565 assenti-

309 3666 366 3710 non
388 3647 529 3728 possunt”
550 3647 585 3708 ci.
610 3647 636 3709 ll
659 3651 737 3722 rm,
759 3650 794 3711 ad
815 3651 848 3722 Q.
862 3652 896 3712 ir.
918 3652 930 3711 l
952 3652 1031 3721 ate,
1052 3667 1104 3730 pro
1125 3649 1196 3710 Soet.
1219 3650 1257 3710 25
1278 3657 1305 3709 et
1328 3649 1376 3719 32,
1398 3645 1426 3707 in

311 3763 404 3825 Pisoo.
426 3767 475 3834 ll,
497 3764 531 3825 0.
553 3769 584 3831 Ε,
607 3769 775 3832 Schmidt
796 3767 910 3829 Ciceros
930 3765 1025 3828 Villen
1043 3765 1135 3840 (Neue
1155 3763 1252 3824 Jahrb.
1275 3762 1427 3823 idliluss.

312 3883 412 3946 Alteri.
434 3883 460 3944 Il
482 3879 607 3961 [l899])
628 3896 655 3958 p.
678 3880 726 3938 28.
748 3875 894 3937 Ciceronis
915 3872 1024 3934 reditus
1044 3872 1205 3932 celebratus
1226 3877 1268 3930 est
1290 3868 1429 3940 „incredi-

313 3991 363 4052 bili
383 4007 527 4052 concursu
549 3985 666 4048 lteliae''
687 3984 735 4064 (ad
756 3983 813 4045 uu.
837 3981 873 4043 lV
897 3983 973 4054 l.l);
995 3979 1029 4040 ci.
1053 3978 1081 4039 lli
1089 3975 1311 4042 ommsenlll⁶
1321 3994 1348 4054 p.
1362 3977 1430 4047 312,

312 4097 463 4177 Tyrrell
485 4096 507 4156 1²
529 4113 556 4175 p.
580 4096 628 4154 20.

352 4207 383 4280 l)
423 4197 721 4279 adlam.ltl§ll
748 4193 952 4276 sq.et§2l.

351 4313 383 4392 2)
425 4310 480 4371 ilio
501 4311 549 4380 36,
571 4309 643 4369 435
663 4309 700 4381 (a.
725 4305 784 4382 filil.
807 4300 960 4374 Quomodo
982 4306 1078 4360 eutem
1095 4296 1238 4376 'l'yrrell
1264 4296 1284 4356 l²
1296 4315 1323 4376 p.
1339 4299 1430 4374 lisqq.

311 4417 509 4480 demonstrare
539 4432 623 4495 posse
658 4412 714 4473 sibi
745 4411 887 4481 videatur,
914 4407 1079 4469 Ciceronem
1111 4422 1225 4484 semper
1249 4402 1431 4542 optgmntinm
