3778 5488
940 752 1007 820 253

508 951 583 1013 (ium
605 951 741 1011 dedimus
761 970 874 1028 somno,
895 970 971 1029 ques
991 969 1098 1028 eorpus
1118 950 1257 1029 postulet,
1279 949 1376 1026 horus,

548 1067 614 1137 Quo
635 1086 741 1145 ponam
767 1067 894 1143 uigilans
914 1075 1048 1146 temporo
1071 1068 1161 1144 iongs
1182 1066 1287 1127 modo?

1322 1184 1468 1262 (se-48)

387 1295 423 1360 et

508 1407 583 1468 (ium
607 1407 683 1467 bene
704 1408 876 1486 qusesieris,
898 1405 969 1484 quid
991 1425 1095 1485 egum:
1119 1407 1213 1485 magis
1234 1406 1307 1466 utile
1329 1407 1371 1465 nii
1393 1412 1438 1466 est

549 1525 673 1584 Artibus
695 1525 751 1594 his,
772 1542 850 1602 quos
871 1524 913 1582 uil
935 1522 1075 1584 utilitatis
1095 1524 1216 1584 hebent.

508 1640 681 1718 Consequor
701 1659 739 1700 ex
760 1640 820 1700 iilis
841 1658 926 1700 ossus
947 1641 1058 1700 oblivia
1078 1642 1185 1700 nostri:

549 1758 635 1818 Hono
653 1776 777 1818 messem
799 1758 871 1817 sutis
891 1763 936 1816 est
957 1758 981 1816 si
1004 1776 1070 1817 meo
1090 1756 1188 1816 reddit
1209 1757 1317 1817 humus

1324 1872 1469 1951 (53-56)

435 1981 464 2049 Α
489 1980 600 2050 Romu
623 1982 717 2048 enim
743 1979 829 2048 nihil
853 1980 924 2048 iem
947 1987 1145 2070 exspectat:

509 2117 605 2194 Finge
627 2116 697 2194 legi,
718 2116 857 2194 quodque
878 2121 924 2176 est
945 2116 1089 2185 mirabile,
1112 2115 1193 2193 finge
1214 2115 1346 2194 plaeere:

551 2233 709 2293 Auctorem
731 2238 811 2293 eerte
831 2251 879 2293 res
899 2235 984 2293 iussi
1004 2234 1062 2292 ista
1083 2232 1159 2292 nihii
1171 2275 1178 2291 .
1191 2278 1197 2290 .
1211 2277 1237 2292 ..

510 2350 639 2427 Vosque,
661 2350 769 2427 quibus
789 2351 863 2427 perii
885 2354 965 2425 tuno,
986 2367 1052 2407 eum
1075 2366 1141 2408 mea
1161 2348 1242 2407 fsms
1262 2348 1378 2426 sepulto
1398 2353 1454 2416 ssi.

549 2466 637 2525 Nuuo
659 2483 778 2544 quoque
799 2464 836 2524 de
857 2475 959 2525 nostru
981 2469 1075 2524 morte
1096 2470 1195 2524 tseers
1215 2481 1291 2524 reor.

1204 2582 1254 2654 (ii
1276 2597 1330 2656 sq,
1352 2579 1390 2638 85
1411 2578 1469 2656 sq.)

434 2713 567 2782 Eadem
591 2715 697 2782 etiam
723 2713 976 2801 posterioribus
998 2713 1091 2780 exiiii
1116 2714 1218 2781 annis
1242 2732 1383 2802 semper
1393 2733 1507 2780 enun-

389 2839 478 2906 tiore
502 2841 633 2928 pergit:

511 2973 648 3050 Namque
669 2991 734 3051 ego,
753 2973 804 3050 qui
828 2974 900 3050 perii
923 2974 980 3032 ism
1004 2973 1127 3051 pridem,
1150 2974 1290 3050 Maxime,
1312 2973 1405 3050 vobis,

553 3089 678 3167 Ingenio
699 3091 779 3148 uitor
799 3107 859 3148 uon
880 3091 1002 3166 periisse
1025 3107 1090 3149 meo

1123 3209 1173 3281 (ex
1195 3205 1228 3264 P.
1250 3205 1299 3262 III
1321 3207 1389 3264 533
1411 3206 1468 3284 sq.)

511 3319 630 3397 Vixque
653 3319 724 3378 mihi
748 3320 859 3397 videor,
880 3320 987 3380 isoiem
1008 3321 1059 3400 qui
1080 3321 1222 3396 earmina,
1244 3339 1344 3396 sonus,

549 3436 646 3512 Inque
667 3434 739 3495 feris
759 3455 859 3495 eurem
881 3437 1029 3515 corrigere
1049 3437 1102 3497 iliu
1123 3436 1222 3520 (iotisi

1248 3552 1299 3626 (ib.
1322 3554 1389 3611 9.31
1412 3555 1471 3629 sq.)

510 3665 599 3744 Quid,
621 3667 677 3726 uisi
700 3667 843 3743 Pierides,
865 3667 975 3727 soloois
994 3667 1114 3744 frigide,
1136 3674 1260 3744 restent,

551 3781 618 3842 Nou
641 3783 715 3842 bene
737 3783 774 3840 de
796 3784 881 3843 uobis
900 3802 978 3861 quse
1002 3802 1136 3843 meruere
1157 3782 1254 3842 deaei

1128 3900 1180 3976 (ex
1201 3899 1235 3958 P.
1256 3899 1299 3957 IV
1322 3897 1390 3957 245
1412 3900 1469 3975 sq.)

511 4015 541 4074 Si
563 4020 648 4094 roget
668 4015 740 4075 huso
760 4016 868 4094 aliquis
888 4035 941 4076 our
962 4016 1022 4078 sint
1043 4021 1164 4075 narrate
1184 4015 1307 4090 Pedoni,

551 4131 668 4201 Quidve
688 4132 769 4210 ioqui
790 4132 879 4192 oertis
899 4133 1009 4192 iuverit
1030 4133 1087 4191 istu
1109 4131 1211 4202 modis,

514 4248 674 4322 ,Detinui”
695 4248 802 4324 dioom,
826 4267 930 4324 ,eurus
951 4252 1127 4326 tempusque
1149 4247 1257 4308 fefelli:

552 4363 640 4423 Hune
660 4363 790 4423 fruetum
813 4382 952 4442 praeseus
972 4364 1081 4424 adtulit
1102 4363 1175 4424 hore
1196 4364 1277 4424 mihi.

512 4479 652 4540 Afuimus
673 4480 771 4553 solito,
792 4479 862 4540 dum
885 4480 1040 4540 scribimus
1060 4481 1128 4558 isto,
1149 4480 1259 4559 dolore,
