3792 5486
876 721 920 792 97

382 917 506 1008 Aquae
542 919 653 988 bonae
681 920 800 1010 inopia
823 920 915 991 hene
938 921 983 990 eb
1004 942 1146 990 eausam
1173 927 1312 1011 poetam
1337 923 1455 992 acrius

339 1041 497 1124 vexabat,
518 1045 602 1132 quia
623 1045 691 1114 elin
717 1054 801 1134 potu
826 1066 907 1114 rano
928 1053 1103 1114 uteretur:

478 1204 540 1264 Nae
559 1205 644 1265 iuvat
663 1206 694 1263 in
716 1205 812 1265 lucem
833 1206 927 1265 nimio
947 1223 1128 1265 marcescere
1150 1207 1229 1265 vino.

1171 1330 1222 1394 (ex
1240 1320 1274 1380 P.
1297 1321 1312 1378 I
1334 1321 1415 1394 5.45)

518 1435 581 1495 Seia
602 1435 676 1495 mihi
698 1454 787 1512 qnam
810 1433 891 1494 nolae
912 1452 1006 1512 paene
1028 1436 1169 1495 bibantur
1189 1454 1294 1514 aquae.

1240 1552 1291 1626 (ib.
1316 1553 1416 1624 1030)

515 1669 587 1746 qnia
606 1686 661 1728 nee
682 1668 785 1727 vinnm
808 1685 863 1726 nee
884 1687 931 1727 me
954 1672 1037 1727 tenet
1057 1666 1124 1726 alea
1144 1667 1247 1727 fallax.

1192 1784 1243 1857 (ib.
1265 1782 1310 1842 IV
1331 1784 1414 1858 241)

379 1933 476 2014 Quae
511 1935 650 2024 ingrata
673 1941 775 2002 erant
799 1933 933 2002 homini
956 1933 1116 2017 delicato,
1141 1955 1222 2002 cum
1248 1935 1452 2022 praesertim

336 2056 461 2126 debilis
495 2065 586 2127 esset
609 2065 645 2126 et
670 2060 748 2146 plus
772 2058 880 2126 semei
906 2079 1022 2146 aeger,
1046 2065 1082 2126 et
1105 2059 1175 2125 iam
1200 2059 1453 2126 insenescenet:

515 2218 671 2278 Invalidae
693 2221 772 2278 vireu
792 2219 1001 2297 ingenuaeque
1023 2218 1105 2278 mihi.

1164 2298 1226 2374 (nr.
1248 2298 1263 2355 1
1286 2298 1412 2377 amq)

475 2413 538 2473 Nee
558 2415 675 2492 patiens
695 2433 802 2493 eorpus
823 2433 877 2473 nee
899 2432 982 2473 mene
1002 2413 1061 2473 fnit
1081 2419 1151 2491 apta
1172 2413 1276 2473 iabori.

1172 2530 1224 2605 (u.
1247 2528 1292 2587 lv
1316 2529 1415 2602 1037)

380 2625 512 2694 Morbis
536 2645 639 2715 saepe
667 2627 874 2695 vexabatur:

575 2771 674 2846 Aeger
695 2788 788 2828 eram.

876 2866 938 2941 (Tr.
970 2866 1019 2924 111
1042 2868 1090 2925 32
1112 2869 1189 2943 sqq-i

535 2983 570 3041 Ei
593 2983 665 3042 mihi
686 2988 848 3062 perpetuus
868 3000 992 3060 corpora
1013 2983 1140 3058 languor
1162 2982 1265 3040 habet!

494 3097 552 3158 Seu
575 3099 684 3159 vitiant
704 3104 788 3158 artua
808 3116 917 3175 aegrae
938 3097 1077 3174 contagia
1098 3097 1215 3172 mentia,

533 3213 602 3274 Sive
624 3215 682 3274 mei
702 3233 792 3274 nanee
813 3219 858 3274 eat
878 3215 915 3292 in
932 3214 1055 3290 regione
1076 3212 1156 3283 mati,

493 3328 534 3388 Ut
554 3330 641 3407 tetigi
662 3330 801 3406 Pontum,
823 3333 936 3387 vexant
956 3328 1113 3401 insomnia,
1137 3328 1249 3406 vixque

532 3444 607 3504 Oeen
628 3444 704 3521 tegit
725 3445 842 3515 macies,
862 3461 918 3502 nee
938 3443 1023 3502 iuvat
1043 3461 1095 3503 ora
1116 3444 1216 3519 eibna3

490 3560 609 3637 Quique
630 3577 682 3637 per
703 3564 882 3618 autumnum
903 3559 1049 3636 perenaaie
1070 3559 1182 3635 frigere
1203 3559 1299 3637 prime

532 3676 584 3735 nst
604 3675 685 3736 color
705 3677 736 3735 in
757 3673 845 3744 foliis,
867 3692 945 3752 qnae
965 3692 1045 3734 nera
1066 3674 1152 3734 laesit
1175 3675 1280 3748 hierna,

494 3791 525 3851 In
547 3809 613 3851 mee
633 3791 767 3851 membra
788 3795 879 3850 tenet.

1177 3906 1230 3979 (ib.
1251 3905 1415 3976 aaa-31)

371 4061 401 4128 t)
442 4059 583 4120 Amorum
615 4058 639 4118 ΙΙ
672 4060 760 4120 1023
793 4091 831 4102 -
862 4075 949 4135 quem
972 4056 1067 4116 tonum
1089 4055 1156 4116 citat
1181 4055 1266 4116 etiem
1289 4055 1395 4116 Owen
1416 4054 1452 4114 nd

332 4173 472 4236 Tristium
493 4175 533 4235 u.
556 4209 595 4218 -
616 4193 667 4254 pre
687 4174 862 4235 documento
882 4191 945 4233 esse
968 4190 1025 4232 non
1048 4189 1130 4250 posse
1153 4170 1223 4231 mihi
1245 4169 1368 4242 videtur,
1386 4187 1452 4229 eum

332 4289 361 4350 in
393 4289 571 4351 carminibus
602 4289 749 4352 amatoriis
781 4288 904 4350 Ovidius
936 4287 1021 4366 vulgo
1043 4287 1165 4347 Graecus
1189 4285 1318 4347 inuitatus
1340 4285 1377 4346 sit
1398 4285 1454 4364 (Gt.

337 4423 364 4484 u·
386 4408 424 4466 8⁹
446 4405 511 4484 se)-
1318 4484 1332 4542 7
