3778 5488
962 739 1030 808 208

436 960 468 1028 p.
498 937 541 1007 87
565 939 645 1027 sq.)‚
669 934 763 1026 quod
787 957 869 1005 cum
894 957 957 1026 per
981 935 1227 1007 brevissimum
1253 943 1392 1006 tantum
1416 944 1560 1026 tempus

433 1064 525 1132 icrre
561 1064 741 1153 potuisset,
779 1060 884 1130 verba
918 1062 983 1130 sibi
1019 1063 1104 1131 dare
1139 1065 1254 1152 coepit
1282 1083 1428 1154 operam
1454 1081 1558 1131 suam

401 1207 403 1213 ’
434 1189 611 1257 sorensem
636 1186 854 1276 principibus
879 1187 962 1254 viris
984 1187 1159 1276 ingratam
1181 1209 1252 1257 non
1266 1187 1352 1268 fore,
1366 1187 1558 1256 dummodo

434 1315 590 1401 ipsorum
635 1313 793 1402 personis
836 1318 1006 1401 parceret.
1044 1311 1210 1380 Attamen
1249 1332 1329 1380 mox
1363 1311 1559 1401 apparebat

432 1438 651 1508 constantiae
674 1455 758 1505 suae
782 1456 863 1504 eum
888 1437 993 1505 nimis
1015 1456 1090 1505 esse
1111 1436 1295 1516 conlisum,
1308 1457 1391 1505 nam
1404 1438 1440 1505 in
1452 1455 1560 1506 causa

432 1563 634 1632 Antoniana
668 1560 855 1629 Gaesarem
892 1567 1074 1650 tamquam
1100 1561 1205 1630 buius
1234 1561 1352 1632 iudicii
1377 1567 1557 1630 auctorem

434 1692 697 1776 aggressusest
721 1685 800 1774 (llio
824 1683 934 1754 38.10.
962 1685 1014 1754 Os.
1039 1685 1110 1756 Cic.
1136 1684 1560 1776 dedom.4l).quofacto

434 1832 515 1881 mox
541 1831 693 1900 poenam
715 1810 782 1878 sibi
806 1811 992 1879 contraxit.
1015 1810 1251 1880 Caesarenim
1265 1811 1384 1879 statim
1397 1809 1557 1879 clodium

434 1937 478 2005 ad
505 1934 641 2024 plebem
668 1935 837 2004 traduxit.
862 1934 934 2005 lam
961 1935 1083 2005 Cicero
1107 1937 1262 2025 agnovit,
1274 1941 1315 2004 ut
1326 1936 1445 2004 salvus
1457 1940 1559 2018 esset,

433 2061 620 2131 Gaesarem
663 2060 730 2128 sibi
766 2061 1026 2130 conciliandum
1062 2081 1159 2130 esse:
1194 2061 1294 2130 illum
1331 2081 1443 2129 unum
1479 2059 1558 2150 plus

435 2185 549 2254 valere
574 2206 682 2274 quam
705 2191 816 2254 totam
844 2205 919 2253 rem
945 2185 1123 2275 publicam
1137 2208 1145 2270 3
1161 2187 1281 2275 itaque
1293 2186 1412 2254 animo
1424 2185 1559 2254 fractus

435 2331 496 2400 per
519 2311 667 2379 fratrem
692 2309 877 2379 Caesarem
903 2310 999 2378 adiit.
1026 2310 1090 2379 Hic
1118 2330 1198 2380 vero
1223 2309 1557 2379 nonsinecautione

432 2436 571 2505 exulem
598 2441 777 2504 oratorem
801 2435 918 2502 redire
946 2455 1070 2523 passus
1090 2442 1153 2507 est.
1166 2435 1227 2524 qui
1241 2435 1339 2523 prius
1352 2435 1558 2524 promittere

433 2559 584 2628 debebat
607 2559 694 2627 nihil
717 2579 754 2627 se
778 2565 904 2628 contra
927 2561 1003 2628 eius
1028 2560 1243 2628 voluntatem
1271 2579 1347 2628 esse
1365 2559 1556 2642 iacturum,

433 2685 525 2775 quod
554 2705 615 2774 per
636 2684 781 2752 fratrem
809 2683 931 2752 iecisse
956 2684 1095 2753 videtur
1119 2683 1175 2769 (ad
1198 2682 1344 2768 tren).
1370 2681 1554 2751 Nonenim

432 2810 485 2891 iis,
519 2828 607 2899 quos
643 2807 754 2876 Varro
793 2808 925 2877 malum
951 2810 1183 2898 tricipitinum
1212 2814 1406 2889 vocaverat,
1431 2827 1554 2897 parere

433 2933 628 3017 recusabat,
662 2933 852 3001 dummodo
885 2934 1032 3003 Romam
1060 2934 1248 3022 lorumque
1273 2953 1377 3001 suum
1403 2931 1554 2999 revisere

431 3057 561 3126 liceret.
586 3058 702 3146 Supra
725 3058 775 3146 (p.
800 3055 883 3146 171)
908 3053 1326 3146 iam'cognovimus,eum
1343 3057 1553 3145 promissum

432 3182 588 3251 officium
624 3182 838 3272 praestitisse
862 3183 1049 3251 scribendo
1073 3182 1173 3262 libro,
1198 3203 1268 3270 quo
1297 3180 1457 3250 Caesaris
1475 3184 1555 3248 acta

432 3308 607 3397 probaret.
633 3306 685 3375 Ne
702 3307 781 3396 quis
805 3313 923 3375 tamen
950 3315 1051 3396 putet
1065 3308 1153 3376 banc
1167 3305 1422 3376 oboedientiam
1436 3303 1555 3392 gravis

432 3433 610 3500 servitutis
644 3433 795 3522 speciem
827 3433 986 3520 gessisse,
1020 3453 1101 3501 nam
1127 3432 1362 3500 Caesareum
1386 3428 1554 3498 Cicerone

433 3562 472 3625 ut
495 3576 576 3625 cum
601 3554 733 3644 collega
757 3560 828 3623 tam
854 3556 889 3623 in
918 3556 1124 3644 magistratu
1150 3575 1257 3643 quam
1282 3554 1369 3621 inre
1382 3553 1554 3621 litteraria

433 3681 588 3748 maxima
610 3679 776 3747 utebatur
799 3678 1049 3764 familiaritate,
1073 3680 1123 3747 ita
1147 3679 1279 3746 utiam
1303 3699 1333 3746 a.
1354 3676 1399 3745 54
1413 3676 1554 3746 Marcus

431 3808 474 3874 ad
500 3805 646 3873 fratrem
671 3803 841 3873 scriberet
864 3824 900 3873 se
925 3825 1045 3874 amore
1069 3803 1228 3873 Caesaris
1253 3803 1354 3871 unice
1384 3801 1551 3871 delectari

432 3930 490 4017 (ad
528 3928 567 4010 Q.
603 3929 646 3996 fr.
681 3927 728 3996 llI
762 3926 834 4018 53)
865 3934 971 4016 atque
995 3929 1101 3996 etiam
1127 3947 1252 4017 poema
1276 3926 1320 3995 ad
1344 3946 1427 3995 eum
1451 3926 1552 3994 insti·

432 4059 549 4122 tueret
571 4051 632 4141 (ib.
658 4051 705 4121 lll
725 4049 830 4141 tlt).

477 4177 575 4256 Quae
609 4179 728 4247 omnia
752 4183 830 4268 post
851 4177 994 4246 exilium
1020 4176 1164 4245 demum
1188 4180 1444 4265 apparuerunt,
1468 4193 1550 4242 nam

432 4300 512 4370 exul
537 4308 632 4370 totus
656 4302 702 4370 ab
725 4303 921 4371 amicorum
946 4301 1102 4370 subsidio
1126 4300 1312 4387 pendebat,
1337 4320 1418 4368 cum
1432 4299 1549 4387 legum

433 4427 624 4494 auctoritas
654 4427 784 4495 Romae
815 4427 931 4496 adhuc
956 4433 1181 4509 tantaesset,
1205 4432 1373 4511 utquam
1399 4422 1551 4514 populus
