<?xml version="1.0" encoding="UTF-8"?>
<!DOCTYPE html PUBLIC "-//W3C//DTD XHTML 1.0 Transitional//EN"
    "http://www.w3.org/TR/xhtml1/DTD/xhtml1-transitional.dtd">
<html xmlns="http://www.w3.org/1999/xhtml" xml:lang="en" lang="en">
 <head>
  <title>
</title>
<meta http-equiv="Content-Type" content="text/html;charset=utf-8" />
  <meta name='ocr-system' content='tesseract 3.04.00' />
  <meta name='ocr-capabilities' content='ocr_page ocr_carea ocr_par ocr_line ocrx_word'/>
</head>
<body>
  <div class='ocr_page' id='page_1' title='image "./exulumtriassive00leopgoog_0070.png"; bbox 0 0 3734 5518; ppageno 0'>
   <div class='ocr_carea' id='block_1_1' title="bbox 899 785 942 856">
    <p class='ocr_par' dir='ltr' id='par_1_1' title="bbox 899 785 942 856">
     <span class='ocr_line' id='line_1_1' title="bbox 899 785 942 856; baseline -0.047 0"><span class='ocrx_word' id='word_1_1' title='bbox 899 785 942 856; x_wconf 81' lang='lat'><strong>57</strong></span> 
     </span>
    </p>
   </div>
   <div class='ocr_carea' id='block_1_2' title="bbox 356 981 1482 4554">
    <p class='ocr_par' dir='ltr' id='par_1_2' title="bbox 356 981 1478 2924">
     <span class='ocr_line' id='line_1_2' title="bbox 403 981 1476 1075; baseline 0.003 -25"><span class='ocrx_word' id='word_1_2' title='bbox 403 981 521 1052; x_wconf 86' lang='lat' dir='ltr'><strong>Primo</strong></span> <span class='ocrx_word' id='word_1_3' title='bbox 545 981 813 1053; x_wconf 84' lang='lat' dir='ltr'><strong>Boissovoin</strong></span> <span class='ocrx_word' id='word_1_4' title='bbox 836 992 942 1074; x_wconf 81' lang='lat' dir='ltr'>negat</span> <span class='ocrx_word' id='word_1_5' title='bbox 965 1004 1017 1069; x_wconf 82' lang='lat' dir='ltr'><strong>ea,</strong></span> <span class='ocrx_word' id='word_1_6' title='bbox 1041 1005 1133 1075; x_wconf 82' lang='lat' dir='ltr'><strong>queo</strong></span> <span class='ocrx_word' id='word_1_7' title='bbox 1158 985 1220 1054; x_wconf 90' lang='lat' dir='ltr'><strong>Dio</strong></span> <span class='ocrx_word' id='word_1_8' title='bbox 1236 984 1359 1072; x_wconf 62' lang='lat'><strong>(6035.</strong></span> <span class='ocrx_word' id='word_1_9' title='bbox 1373 984 1476 1070; x_wconf 79' lang='lat'><strong>2-3)</strong></span> 
     </span>
     <span class='ocr_line' id='line_1_3' title="bbox 356 1106 1476 1198; baseline 0.001 -22"><span class='ocrx_word' id='word_1_10' title='bbox 356 1107 400 1176; x_wconf 85' lang='lat' dir='ltr'><strong>de</strong></span> <span class='ocrx_word' id='word_1_11' title='bbox 435 1106 739 1173; x_wconf 73' lang='grc' dir='ltr'><strong><em>ἀποιολοκυνιώσει</em></strong></span> <span class='ocrx_word' id='word_1_12' title='bbox 774 1131 796 1177; x_wconf 84' lang='lat' dir='ltr'>a</span> <span class='ocrx_word' id='word_1_13' title='bbox 824 1109 957 1179; x_wconf 79' lang='lat' dir='ltr'>Seneca</span> <span class='ocrx_word' id='word_1_14' title='bbox 982 1110 1114 1198; x_wconf 79' lang='lat' dir='ltr'><strong>scripio</strong></span> <span class='ocrx_word' id='word_1_15' title='bbox 1126 1110 1244 1195; x_wconf 79' lang='lat' dir='ltr'><strong>tradit,</strong></span> <span class='ocrx_word' id='word_1_16' title='bbox 1268 1109 1312 1178; x_wconf 79' lang='lat' dir='ltr'><strong>ad</strong></span> <span class='ocrx_word' id='word_1_17' title='bbox 1338 1110 1476 1179; x_wconf 88' lang='lat' dir='ltr'><strong>Ludum</strong></span> 
     </span>
     <span class='ocr_line' id='line_1_4' title="bbox 357 1233 1476 1325; baseline 0.003 -22"><span class='ocrx_word' id='word_1_18' title='bbox 357 1235 534 1323; x_wconf 80' lang='lat' dir='ltr'><strong>pertinere</strong></span> <span class='ocrx_word' id='word_1_19' title='bbox 547 1255 659 1324; x_wconf 89' lang='lat' dir='ltr'><strong>posse.</strong></span> <span class='ocrx_word' id='word_1_20' title='bbox 685 1236 757 1325; x_wconf 78' lang='lat' dir='ltr'><strong>Ego</strong></span> <span class='ocrx_word' id='word_1_21' title='bbox 770 1236 836 1304; x_wconf 85' lang='lat' dir='ltr'><strong>aio.</strong></span> <span class='ocrx_word' id='word_1_22' title='bbox 861 1233 977 1303; x_wconf 82' lang='lat' dir='ltr'>Verba</span> <span class='ocrx_word' id='word_1_23' title='bbox 992 1234 1110 1303; x_wconf 89' lang='lat' dir='ltr'><strong>Dionis</strong></span> <span class='ocrx_word' id='word_1_24' title='bbox 1123 1234 1209 1304; x_wconf 84' lang='lat' dir='ltr'><strong>hoec</strong></span> <span class='ocrx_word' id='word_1_25' title='bbox 1221 1242 1321 1306; x_wconf 88' lang='lat' dir='ltr'><strong>sunt:</strong></span> <span class='ocrx_word' id='word_1_26' title='bbox 1336 1235 1429 1320; x_wconf 70' lang='grc' dir='ltr'><strong><em>ἔτυχε</em></strong></span> <span class='ocrx_word' id='word_1_27' title='bbox 1442 1234 1476 1298; x_wconf 76' lang='grc' dir='ltr'><strong>δὲ</strong></span> 
     </span>
     <span class='ocr_line' id='line_1_5' title="bbox 357 1368 1476 1462; baseline -0.004 -26"><span class='ocrx_word' id='word_1_28' title='bbox 357 1373 391 1461; x_wconf 84' lang='lat' dir='ltr'><strong>(o&#39;</strong></span> <span class='ocrx_word' id='word_1_29' title='bbox 406 1370 588 1462; x_wconf 68' lang='grc' dir='ltr'><strong><em>Κλαύδιος)</em></strong></span> <span class='ocrx_word' id='word_1_30' title='bbox 602 1376 657 1438; x_wconf 88' lang='grc' dir='ltr'><strong>καί</strong></span> <span class='ocrx_word' id='word_1_31' title='bbox 680 1382 735 1455; x_wconf 80' lang='grc' dir='ltr'><strong>τῆς</strong></span> <span class='ocrx_word' id='word_1_32' title='bbox 758 1383 861 1454; x_wconf 72' lang='grc' dir='ltr'><strong><em>ταφῆς</em></strong></span> <span class='ocrx_word' id='word_1_33' title='bbox 879 1376 933 1436; x_wconf 85' lang='grc' dir='ltr'><strong>καί</strong></span> <span class='ocrx_word' id='word_1_34' title='bbox 949 1377 1014 1436; x_wconf 78' lang='grc' dir='ltr'><strong><em>τῶν</em></strong></span> <span class='ocrx_word' id='word_1_35' title='bbox 1028 1368 1476 1449; x_wconf 79' lang='grc' dir='ltr'><strong><em>ἄλλωνὸσαννόΑὕγουστος.</em></strong></span> 
     </span>
     <span class='ocr_line' id='line_1_6' title="bbox 358 1504 1476 1590; baseline -0.003 -20"><span class='ocrx_word' id='word_1_36' title='bbox 358 1504 570 1589; x_wconf 81' lang='grc' dir='ltr'><strong><em>Ἀγριππῖνα</em></strong></span> <span class='ocrx_word' id='word_1_37' title='bbox 606 1507 640 1572; x_wconf 84' lang='grc' dir='ltr'><strong>δέ</strong></span> <span class='ocrx_word' id='word_1_38' title='bbox 676 1512 731 1575; x_wconf 81' lang='grc' dir='ltr'><strong>καί</strong></span> <span class='ocrx_word' id='word_1_39' title='bbox 765 1511 783 1571; x_wconf 92' lang='grc' dir='ltr'>ό</span> <span class='ocrx_word' id='word_1_40' title='bbox 814 1505 937 1590; x_wconf 87' lang='grc' dir='ltr'><strong><em>Νέρων</em></strong></span> <span class='ocrx_word' id='word_1_41' title='bbox 973 1511 1111 1570; x_wconf 84' lang='grc' dir='ltr'><strong><em>πενθεῖν</em></strong></span> <span class='ocrx_word' id='word_1_42' title='bbox 1152 1511 1405 1588; x_wconf 75' lang='grc' dir='ltr'><strong><em>προσεποιοῦντο</em></strong></span> <span class='ocrx_word' id='word_1_43' title='bbox 1439 1505 1476 1567; x_wconf 86' lang='grc' dir='ltr'><strong><em>ὃν</em></strong></span> 
     </span>
     <span class='ocr_line' id='line_1_7' title="bbox 356 1637 1478 1723; baseline -0.002 -20"><span class='ocrx_word' id='word_1_44' title='bbox 356 1641 592 1723; x_wconf 83' lang='grc' dir='ltr'><strong><em>ἀπεκτόνεσαν,</em></strong></span> <span class='ocrx_word' id='word_1_45' title='bbox 609 1640 642 1715; x_wconf 84' lang='grc' dir='ltr'><strong>ές</strong></span> <span class='ocrx_word' id='word_1_46' title='bbox 656 1666 688 1705; x_wconf 87' lang='grc' dir='ltr'><strong>τε</strong></span> <span class='ocrx_word' id='word_1_47' title='bbox 716 1643 772 1707; x_wconf 86' lang='grc' dir='ltr'><strong><em>τὸν</em></strong></span> <span class='ocrx_word' id='word_1_48' title='bbox 797 1639 938 1723; x_wconf 79' lang='grc' dir='ltr'><strong><em>οὐρανὸν</em></strong></span> <span class='ocrx_word' id='word_1_49' title='bbox 951 1639 1118 1721; x_wconf 74' lang='grc' dir='ltr'><strong>ἀνήγαγον</strong></span> <span class='ocrx_word' id='word_1_50' title='bbox 1132 1640 1169 1703; x_wconf 86' lang='grc' dir='ltr'><strong><em>ὃν</em></strong></span> <span class='ocrx_word' id='word_1_51' title='bbox 1183 1641 1218 1702; x_wconf 77' lang='grc' dir='ltr'><strong>ἐκ</strong></span> <span class='ocrx_word' id='word_1_52' title='bbox 1232 1645 1287 1701; x_wconf 76' lang='grc' dir='ltr'><strong>τοῦ</strong></span> <span class='ocrx_word' id='word_1_53' title='bbox 1299 1637 1478 1719; x_wconf 80' lang='grc' dir='ltr'><strong><em>συμποσίου</em></strong></span> 
     </span>
     <span class='ocr_line' id='line_1_8' title="bbox 357 1771 1475 1862; baseline -0.003 -22"><span class='ocrx_word' id='word_1_54' title='bbox 357 1775 503 1860; x_wconf 75' lang='grc' dir='ltr'><strong><em>φοράδην</em></strong></span> <span class='ocrx_word' id='word_1_55' title='bbox 528 1775 773 1862; x_wconf 79' lang='grc' dir='ltr'><strong><em>ἐξενηνόχεσαν.</em></strong></span> <span class='ocrx_word' id='word_1_56' title='bbox 820 1777 901 1840; x_wconf 85' lang='grc' dir='ltr'><strong><em>ὅθεν</em></strong></span> <span class='ocrx_word' id='word_1_57' title='bbox 925 1801 985 1859; x_wconf 92' lang='grc' dir='ltr'><strong>περ</strong></span> <span class='ocrx_word' id='word_1_58' title='bbox 1005 1778 1146 1848; x_wconf 84' lang='grc' dir='ltr'><strong><em>Λοιίιιιος</em></strong></span> <span class='ocrx_word' id='word_1_59' title='bbox 1161 1771 1304 1848; x_wconf 84' lang='grc' dir='ltr'><strong><em>Ἰοιίνιος</em></strong></span> <span class='ocrx_word' id='word_1_60' title='bbox 1319 1771 1475 1837; x_wconf 75' lang='grc' dir='ltr'><strong><em>Γαλλίων</em></strong></span> 
     </span>
     <span class='ocr_line' id='line_1_9' title="bbox 356 1905 1478 1992; baseline -0.004 -18"><span class='ocrx_word' id='word_1_61' title='bbox 356 1911 453 1974; x_wconf 73' lang='lat' dir='ltr'><strong>otoo</strong></span> <span class='ocrx_word' id='word_1_62' title='bbox 476 1911 607 1975; x_wconf 85' lang='grc' dir='ltr'><strong><em>Σενέκα</em></strong></span> <span class='ocrx_word' id='word_1_63' title='bbox 642 1909 780 1992; x_wconf 80' lang='grc' dir='ltr'><strong><em>ἀδελφὸς</em></strong></span> <span class='ocrx_word' id='word_1_64' title='bbox 818 1911 1026 1974; x_wconf 87' lang='grc' dir='ltr'><strong><em>ἀστειότατόν</em></strong></span> <span class='ocrx_word' id='word_1_65' title='bbox 1058 1934 1088 1972; x_wconf 87' lang='grc' dir='ltr'><strong>τι</strong></span> <span class='ocrx_word' id='word_1_66' title='bbox 1114 1907 1359 1991; x_wconf 80' lang='grc' dir='ltr'><strong><em>ἀπεφθέγξατο.</em></strong></span> <span class='ocrx_word' id='word_1_67' title='bbox 1388 1905 1478 1972; x_wconf 93' lang='grc' dir='ltr'><strong><em>συνέ-</em></strong></span> 
     </span>
     <span class='ocr_line' id='line_1_10' title="bbox 359 2041 1477 2130; baseline -0.003 -23"><span class='ocrx_word' id='word_1_68' title='bbox 359 2050 439 2128; x_wconf 81' lang='grc' dir='ltr'><strong><em>θηκε</em></strong></span> <span class='ocrx_word' id='word_1_69' title='bbox 463 2049 523 2127; x_wconf 86' lang='grc' dir='ltr'><strong><em>μέν</em></strong></span> <span class='ocrx_word' id='word_1_70' title='bbox 550 2049 611 2130; x_wconf 82' lang='grc' dir='ltr'><strong>γὰρ</strong></span> <span class='ocrx_word' id='word_1_71' title='bbox 644 2051 698 2110; x_wconf 84' lang='grc' dir='ltr'><strong>καί</strong></span> <span class='ocrx_word' id='word_1_72' title='bbox 722 2049 740 2111; x_wconf 88' lang='lat' dir='ltr'><strong>o&#39;</strong></span> <span class='ocrx_word' id='word_1_73' title='bbox 766 2045 914 2118; x_wconf 78' lang='grc' dir='ltr'><strong><em>Σενέκας</em></strong></span> <span class='ocrx_word' id='word_1_74' title='bbox 941 2047 1143 2129; x_wconf 81' lang='grc' dir='ltr'><strong><em>σιίγγραμμα,</em></strong></span> <span class='ocrx_word' id='word_1_75' title='bbox 1168 2041 1477 2107; x_wconf 79' lang='grc' dir='ltr'><strong><em>ἀποκολοιιιίντωσιν</em></strong></span> 
     </span>
     <span class='ocr_line' id='line_1_11' title="bbox 357 2166 1477 2259; baseline -0.004 -23"><span class='ocrx_word' id='word_1_76' title='bbox 357 2173 437 2236; x_wconf 76' lang='grc' dir='ltr'><strong><em>αὐτὸ</em></strong></span> <span class='ocrx_word' id='word_1_77' title='bbox 474 2166 578 2259; x_wconf 81' lang='grc' dir='ltr'><strong><em>ὥσπερ</em></strong></span> <span class='ocrx_word' id='word_1_78' title='bbox 615 2177 691 2238; x_wconf 86' lang='grc' dir='ltr'><strong><em>τινὰ</em></strong></span> <span class='ocrx_word' id='word_1_79' title='bbox 725 2174 976 2238; x_wconf 78' lang='grc' dir='ltr'><strong><em>ἀπαθανατισιν</em></strong></span> <span class='ocrx_word' id='word_1_80' title='bbox 1001 2171 1187 2254; x_wconf 83' lang='grc' dir='ltr'><strong><em>ὀνομάσας·</em></strong></span> <span class='ocrx_word' id='word_1_81' title='bbox 1217 2173 1337 2244; x_wconf 77' lang='grc' dir='ltr'><strong><em>ἐκεῖνος</em></strong></span> <span class='ocrx_word' id='word_1_82' title='bbox 1372 2169 1406 2234; x_wconf 86' lang='grc' dir='ltr'><strong>δέ</strong></span> <span class='ocrx_word' id='word_1_83' title='bbox 1443 2171 1477 2233; x_wconf 80' lang='grc' dir='ltr'><strong><em>ἐν</em></strong></span> 
     </span>
     <span class='ocr_line' id='line_1_12' title="bbox 356 2305 1478 2394; baseline -0.003 -24"><span class='ocrx_word' id='word_1_84' title='bbox 356 2306 552 2394; x_wconf 73' lang='grc' dir='ltr'><strong><em>βραχυτάτῳ</em></strong></span> <span class='ocrx_word' id='word_1_85' title='bbox 577 2307 684 2372; x_wconf 77' lang='grc' dir='ltr'><strong><em>πολλοὶ</em></strong></span> <span class='ocrx_word' id='word_1_86' title='bbox 706 2309 807 2373; x_wconf 86' lang='grc' dir='ltr'><strong><em>είπὼν</em></strong></span> <span class='ocrx_word' id='word_1_87' title='bbox 831 2308 1146 2391; x_wconf 72' lang='grc' dir='ltr'><strong><em>ἀπομνημονεύεται.</em></strong></span> <span class='ocrx_word' id='word_1_88' title='bbox 1178 2306 1288 2388; x_wconf 77' lang='grc' dir='ltr'><strong><em>ἐπειδὴ</em></strong></span> <span class='ocrx_word' id='word_1_89' title='bbox 1318 2307 1380 2389; x_wconf 81' lang='grc' dir='ltr'><strong>γὰρ</strong></span> <span class='ocrx_word' id='word_1_90' title='bbox 1405 2305 1478 2377; x_wconf 78' lang='grc' dir='ltr'><strong>τούς</strong></span> 
     </span>
     <span class='ocr_line' id='line_1_13' title="bbox 358 2430 1478 2520; baseline -0.003 -23"><span class='ocrx_word' id='word_1_91' title='bbox 358 2437 392 2498; x_wconf 77' lang='grc' dir='ltr'><strong><em>ἐν</em></strong></span> <span class='ocrx_word' id='word_1_92' title='bbox 428 2443 472 2516; x_wconf 69' lang='lat' dir='ltr'><strong>rm</strong></span> <span class='ocrx_word' id='word_1_93' title='bbox 502 2434 706 2520; x_wconf 76' lang='grc' dir='ltr'><strong><em>δεσμωτηρίῳ</em></strong></span> <span class='ocrx_word' id='word_1_94' title='bbox 734 2435 1004 2518; x_wconf 75' lang='grc' dir='ltr'><strong><em>θανατουμένους</em></strong></span> <span class='ocrx_word' id='word_1_95' title='bbox 1028 2436 1213 2519; x_wconf 75' lang='grc' dir='ltr'><strong><em>ἀγκίστροις</em></strong></span> <span class='ocrx_word' id='word_1_96' title='bbox 1240 2437 1303 2498; x_wconf 82' lang='grc' dir='ltr'><strong><em>τισί</em></strong></span> <span class='ocrx_word' id='word_1_97' title='bbox 1326 2430 1478 2514; x_wconf 83' lang='grc' dir='ltr'><strong><em>μεγάλοις</em></strong></span> 
     </span>
     <span class='ocr_line' id='line_1_14' title="bbox 357 2567 1478 2655; baseline 0 -24"><span class='ocrx_word' id='word_1_98' title='bbox 357 2569 388 2631; x_wconf 84' lang='grc' dir='ltr'><strong>οί</strong></span> <span class='ocrx_word' id='word_1_99' title='bbox 426 2567 535 2650; x_wconf 77' lang='grc' dir='ltr'><strong><em>δήμιοι</em></strong></span> <span class='ocrx_word' id='word_1_100' title='bbox 572 2569 605 2643; x_wconf 78' lang='grc' dir='ltr'><strong>ές</strong></span> <span class='ocrx_word' id='word_1_101' title='bbox 642 2595 675 2634; x_wconf 86' lang='grc' dir='ltr'><strong>τε</strong></span> <span class='ocrx_word' id='word_1_102' title='bbox 711 2577 769 2654; x_wconf 74' lang='grc' dir='ltr'><strong><em>τὴν</em></strong></span> <span class='ocrx_word' id='word_1_103' title='bbox 808 2571 931 2655; x_wconf 80' lang='grc' dir='ltr'><strong><em>ἀγορὰν</em></strong></span> <span class='ocrx_word' id='word_1_104' title='bbox 966 2569 1120 2637; x_wconf 73' lang='grc' dir='ltr'><strong><em>ἀνεῖλκον</em></strong></span> <span class='ocrx_word' id='word_1_105' title='bbox 1157 2571 1338 2634; x_wconf 77' lang='grc' dir='ltr'><strong><em>κάντεῦθεν</em></strong></span> <span class='ocrx_word' id='word_1_106' title='bbox 1364 2570 1396 2642; x_wconf 78' lang='grc' dir='ltr'><strong>ἐς</strong></span> <span class='ocrx_word' id='word_1_107' title='bbox 1423 2569 1478 2631; x_wconf 85' lang='grc' dir='ltr'><strong><em>τὸν</em></strong></span> 
     </span>
     <span class='ocr_line' id='line_1_15' title="bbox 356 2701 1478 2789; baseline 0 -24"><span class='ocrx_word' id='word_1_108' title='bbox 356 2705 505 2784; x_wconf 85' lang='grc' dir='ltr'><strong><em>ποταμὸν</em></strong></span> <span class='ocrx_word' id='word_1_109' title='bbox 529 2703 657 2788; x_wconf 80' lang='grc' dir='ltr'><strong><em>έσυρον,</em></strong></span> <span class='ocrx_word' id='word_1_110' title='bbox 683 2705 745 2789; x_wconf 80' lang='grc' dir='ltr'><strong><em>ε”φιγ</em></strong></span> <span class='ocrx_word' id='word_1_111' title='bbox 771 2706 826 2770; x_wconf 87' lang='grc' dir='ltr'><strong><em>τὸν</em></strong></span> <span class='ocrx_word' id='word_1_112' title='bbox 852 2704 1023 2770; x_wconf 82' lang='grc' dir='ltr'><strong><em>Κλαυδιον</em></strong></span> <span class='ocrx_word' id='word_1_113' title='bbox 1047 2704 1209 2788; x_wconf 78' lang='grc' dir='ltr'><strong><em>ἀγκίστρῳ</em></strong></span> <span class='ocrx_word' id='word_1_114' title='bbox 1222 2705 1255 2777; x_wconf 78' lang='grc' dir='ltr'><strong>ἐς</strong></span> <span class='ocrx_word' id='word_1_115' title='bbox 1268 2707 1324 2769; x_wconf 87' lang='grc' dir='ltr'><strong><em>τὸν</em></strong></span> <span class='ocrx_word' id='word_1_116' title='bbox 1337 2701 1478 2786; x_wconf 85' lang='grc' dir='ltr'><strong><em>ουρανδν</em></strong></span> 
     </span>
     <span class='ocr_line' id='line_1_16' title="bbox 356 2837 593 2924; baseline 0.017 -25"><span class='ocrx_word' id='word_1_117' title='bbox 356 2837 593 2924; x_wconf 77' lang='grc' dir='ltr'><strong><em>ἀνενεχθῆναι.</em></strong></span> 
     </span>
    </p>

    <p class='ocr_par' dir='ltr' id='par_1_3' title="bbox 356 2955 1482 4554">
     <span class='ocr_line' id='line_1_17' title="bbox 402 2955 1477 3064; baseline -0.006 -22"><span class='ocrx_word' id='word_1_118' title='bbox 402 2974 452 3042; x_wconf 85' lang='lat' dir='ltr'><strong>De</strong></span> <span class='ocrx_word' id='word_1_119' title='bbox 476 2973 606 3064; x_wconf 90' lang='lat' dir='ltr'><strong>quibus</strong></span> <span class='ocrx_word' id='word_1_120' title='bbox 629 2955 898 3041; x_wconf 83' lang='lat' dir='ltr'><strong>Boissevoin</strong></span> <span class='ocrx_word' id='word_1_121' title='bbox 923 2973 972 3061; x_wconf 85' lang='lat' dir='ltr'><strong>(p.</strong></span> <span class='ocrx_word' id='word_1_122' title='bbox 996 2970 1477 3058; x_wconf 80' lang='lat' dir='ltr'><strong>5—6l:‚‚Fictasigitu1·esse</strong></span> 
     </span>
     <span class='ocr_line' id='line_1_18' title="bbox 356 3069 1479 3184; baseline -0.005 -18"><span class='ocrx_word' id='word_1_123' title='bbox 356 3098 522 3168; x_wconf 81' lang='lat' dir='ltr'><strong>leoiimns</strong></span> <span class='ocrx_word' id='word_1_124' title='bbox 556 3097 619 3166; x_wconf 89' lang='lat' dir='ltr'><strong>Dio</strong></span> <span class='ocrx_word' id='word_1_125' title='bbox 654 3100 908 3166; x_wconf 80' lang='lat' dir='ltr'><strong>commemorat</strong></span> <span class='ocrx_word' id='word_1_126' title='bbox 943 3095 1157 3184; x_wconf 83' lang='lat' dir='ltr'><strong>Agn&#39;ppinae</strong></span> <span class='ocrx_word' id='word_1_127' title='bbox 1179 3100 1216 3163; x_wconf 83' lang='lat' dir='ltr'><strong>et</strong></span> <span class='ocrx_word' id='word_1_128' title='bbox 1240 3069 1394 3162; x_wconf 82' lang='lat' dir='ltr'><strong>Neronis</strong></span> <span class='ocrx_word' id='word_1_129' title='bbox 1418 3093 1479 3183; x_wconf 90' lang='lat' dir='ltr'><strong>qui</strong></span> 
     </span>
     <span class='ocr_line' id='line_1_19' title="bbox 358 3215 1476 3308; baseline -0.007 -16"><span class='ocrx_word' id='word_1_130' title='bbox 358 3222 545 3292; x_wconf 84' lang='lat' dir='ltr'><strong>Claudium</strong></span> <span class='ocrx_word' id='word_1_131' title='bbox 579 3220 789 3291; x_wconf 82' lang='lat' dir='ltr'><strong>defunctum</strong></span> <span class='ocrx_word' id='word_1_132' title='bbox 821 3218 1004 3308; x_wconf 84' lang='lat' dir='ltr'><strong>sepultura</strong></span> <span class='ocrx_word' id='word_1_133' title='bbox 1038 3224 1146 3308; x_wconf 79' lang='lat' dir='ltr'>etque</span> <span class='ocrx_word' id='word_1_134' title='bbox 1179 3217 1304 3286; x_wconf 90' lang='lat' dir='ltr'><strong>iisdem</strong></span> <span class='ocrx_word' id='word_1_135' title='bbox 1340 3215 1391 3308; x_wconf 83' lang='lat' dir='ltr'><strong>[p.</strong></span> <span class='ocrx_word' id='word_1_136' title='bbox 1438 3216 1476 3308; x_wconf 88' lang='lat'><strong>6]</strong></span> 
     </span>
     <span class='ocr_line' id='line_1_20' title="bbox 359 3341 1480 3433; baseline -0.002 -21"><span class='ocrx_word' id='word_1_137' title='bbox 359 3345 552 3415; x_wconf 84' lang='lat' dir='ltr'>honoribus</span> <span class='ocrx_word' id='word_1_138' title='bbox 574 3345 668 3414; x_wconf 82' lang='lat' dir='ltr'><strong>allici</strong></span> <span class='ocrx_word' id='word_1_139' title='bbox 691 3346 872 3413; x_wconf 86' lang='lat' dir='ltr'><strong>iusserunt</strong></span> <span class='ocrx_word' id='word_1_140' title='bbox 892 3341 1021 3433; x_wconf 88' lang='lat' dir='ltr'><strong>quibus</strong></span> <span class='ocrx_word' id='word_1_141' title='bbox 1033 3343 1116 3411; x_wconf 91' lang='lat' dir='ltr'><strong>olim</strong></span> <span class='ocrx_word' id='word_1_142' title='bbox 1137 3342 1321 3432; x_wconf 81' lang='lat' dir='ltr'><strong>Augustus</strong></span> <span class='ocrx_word' id='word_1_143' title='bbox 1332 3341 1480 3410; x_wconf 79' lang='lat' dir='ltr'><strong>allectus</strong></span> 
     </span>
     <span class='ocr_line' id='line_1_21' title="bbox 357 3466 1480 3559; baseline -0.002 -20"><span class='ocrx_word' id='word_1_144' title='bbox 357 3474 444 3539; x_wconf 84' lang='lat' dir='ltr'><strong>emt.</strong></span> <span class='ocrx_word' id='word_1_145' title='bbox 481 3470 546 3539; x_wconf 91' lang='lat' dir='ltr'><strong>Hio</strong></span> <span class='ocrx_word' id='word_1_146' title='bbox 569 3470 678 3558; x_wconf 79' lang='lat' dir='ltr'><strong>igitur</strong></span> <span class='ocrx_word' id='word_1_147' title='bbox 702 3469 962 3559; x_wconf 70' lang='lat' dir='ltr'><strong>Agrippinam</strong></span> <span class='ocrx_word' id='word_1_148' title='bbox 986 3467 1079 3535; x_wconf 84' lang='lat' dir='ltr'><strong>Nero</strong></span> <span class='ocrx_word' id='word_1_149' title='bbox 1104 3466 1225 3557; x_wconf 82' lang='lat' dir='ltr'>lugere</span> <span class='ocrx_word' id='word_1_150' title='bbox 1249 3487 1286 3536; x_wconf 89' lang='lat' dir='ltr'><strong>se</strong></span> <span class='ocrx_word' id='word_1_151' title='bbox 1309 3469 1480 3537; x_wconf 80' lang='lat' dir='ltr'><strong>simulant</strong></span> 
     </span>
     <span class='ocr_line' id='line_1_22' title="bbox 357 3592 1480 3684; baseline 0 -22"><span class='ocrx_word' id='word_1_152' title='bbox 357 3613 440 3662; x_wconf 84' lang='lat' dir='ltr'><strong>eum</strong></span> <span class='ocrx_word' id='word_1_153' title='bbox 475 3615 580 3684; x_wconf 89' lang='lat' dir='ltr'><strong>quem</strong></span> <span class='ocrx_word' id='word_1_154' title='bbox 606 3599 833 3676; x_wconf 81' lang='lat' dir='ltr'><strong>necaverunt,</strong></span> <span class='ocrx_word' id='word_1_155' title='bbox 856 3593 1082 3682; x_wconf 84' lang='lat' dir='ltr'>evehuntque</span> <span class='ocrx_word' id='word_1_156' title='bbox 1106 3592 1141 3660; x_wconf 93' lang='lat' dir='ltr'><strong>in</strong></span> <span class='ocrx_word' id='word_1_157' title='bbox 1166 3593 1303 3662; x_wconf 85' lang='lat' dir='ltr'><strong>eoelum</strong></span> <span class='ocrx_word' id='word_1_158' title='bbox 1329 3613 1436 3682; x_wconf 88' lang='lat' dir='ltr'><strong>quem</strong></span> <span class='ocrx_word' id='word_1_159' title='bbox 1460 3613 1480 3662; x_wconf 91' lang='lat' dir='ltr'>e</span> 
     </span>
     <span class='ocr_line' id='line_1_23' title="bbox 359 3715 1480 3805; baseline -0.004 -17"><span class='ocrx_word' id='word_1_160' title='bbox 359 3719 520 3788; x_wconf 86' lang='lat' dir='ltr'><strong>convivio</strong></span> <span class='ocrx_word' id='word_1_161' title='bbox 554 3719 768 3789; x_wconf 83' lang='lat' dir='ltr'><strong>extulerunt.</strong></span> <span class='ocrx_word' id='word_1_162' title='bbox 801 3715 898 3797; x_wconf 83' lang='lat' dir='ltr'>Quae</span> <span class='ocrx_word' id='word_1_163' title='bbox 930 3717 1049 3785; x_wconf 83' lang='lat' dir='ltr'><strong>omnio</strong></span> <span class='ocrx_word' id='word_1_164' title='bbox 1073 3717 1362 3805; x_wconf 79' lang='lat' dir='ltr'><strong>perstringuntur</strong></span> <span class='ocrx_word' id='word_1_165' title='bbox 1384 3716 1480 3786; x_wconf 84' lang='lat' dir='ltr'><strong>dico·</strong></span> 
     </span>
     <span class='ocr_line' id='line_1_24' title="bbox 359 3840 1479 3923; baseline -0.003 -12"><span class='ocrx_word' id='word_1_166' title='bbox 359 3842 509 3912; x_wconf 84' lang='lat' dir='ltr'><strong>cissimis</strong></span> <span class='ocrx_word' id='word_1_167' title='bbox 547 3842 661 3911; x_wconf 85' lang='lat' dir='ltr'><strong>verbis</strong></span> <span class='ocrx_word' id='word_1_168' title='bbox 691 3840 878 3911; x_wconf 85' lang='lat' dir='ltr'><strong>Gallionis:</strong></span> <span class='ocrx_word' id='word_1_169' title='bbox 906 3840 1098 3923; x_wconf 84' lang='lat' dir='ltr'><strong>„Claudius</strong></span> <span class='ocrx_word' id='word_1_170' title='bbox 1121 3840 1296 3910; x_wconf 81' lang='lat' dir='ltr'><strong>carnificis</strong></span> <span class='ocrx_word' id='word_1_171' title='bbox 1321 3842 1421 3910; x_wconf 88' lang='lat' dir='ltr'><strong>uncis</strong></span> <span class='ocrx_word' id='word_1_172' title='bbox 1443 3842 1479 3908; x_wconf 91' lang='lat' dir='ltr'><strong>in</strong></span> 
     </span>
     <span class='ocr_line' id='line_1_25' title="bbox 359 3963 1477 4056; baseline -0.001 -21"><span class='ocrx_word' id='word_1_173' title='bbox 359 3966 496 4036; x_wconf 88' lang='lat' dir='ltr'><strong>coelum</strong></span> <span class='ocrx_word' id='word_1_174' title='bbox 529 3972 652 4056; x_wconf 81' lang='lat' dir='ltr'><strong>raptus</strong></span> <span class='ocrx_word' id='word_1_175' title='bbox 685 3965 771 4035; x_wconf 86' lang='lat' dir='ltr'>est.”</span> <span class='ocrx_word' id='word_1_176' title='bbox 796 3964 929 4035; x_wconf 84' lang='lat' dir='ltr'><strong>collato</strong></span> <span class='ocrx_word' id='word_1_177' title='bbox 953 3963 1123 4033; x_wconf 82' lang='lat' dir='ltr'><strong>Gallionis</strong></span> <span class='ocrx_word' id='word_1_178' title='bbox 1147 3964 1259 4034; x_wconf 78' lang='lat' dir='ltr'>facete</span> <span class='ocrx_word' id='word_1_179' title='bbox 1282 3965 1374 4035; x_wconf 83' lang='lat' dir='ltr'><strong>dicto</strong></span> <span class='ocrx_word' id='word_1_180' title='bbox 1398 3987 1477 4035; x_wconf 84' lang='lat' dir='ltr'><strong>oum</strong></span> 
     </span>
     <span class='ocr_line' id='line_1_26' title="bbox 360 4089 1480 4180; baseline -0.002 -20"><span class='ocrx_word' id='word_1_181' title='bbox 360 4091 513 4160; x_wconf 80' lang='lat' dir='ltr'>Senecae</span> <span class='ocrx_word' id='word_1_182' title='bbox 536 4091 667 4180; x_wconf 79' lang='lat' dir='ltr'><strong>soiipio</strong></span> <span class='ocrx_word' id='word_1_183' title='bbox 692 4091 755 4159; x_wconf 89' lang='lat' dir='ltr'><strong>Dio</strong></span> <span class='ocrx_word' id='word_1_184' title='bbox 778 4089 863 4158; x_wconf 84' lang='lat' dir='ltr'><strong>illud</strong></span> <span class='ocrx_word' id='word_1_185' title='bbox 889 4089 1059 4158; x_wconf 86' lang='lat' dir='ltr'><strong>Gallionis</strong></span> <span class='ocrx_word' id='word_1_186' title='bbox 1083 4091 1239 4178; x_wconf 82' lang='lat' dir='ltr'>praefert</span> <span class='ocrx_word' id='word_1_187' title='bbox 1261 4091 1323 4180; x_wconf 87' lang='lat' dir='ltr'><strong>qui</strong></span> <span class='ocrx_word' id='word_1_188' title='bbox 1341 4091 1480 4180; x_wconf 81' lang='lat' dir='ltr'><strong>paucis·</strong></span> 
     </span>
     <span class='ocr_line' id='line_1_27' title="bbox 361 4213 1479 4305; baseline -0.001 -22"><span class='ocrx_word' id='word_1_189' title='bbox 361 4215 459 4284; x_wconf 89' lang='lat' dir='ltr'><strong>simis</strong></span> <span class='ocrx_word' id='word_1_190' title='bbox 483 4216 599 4285; x_wconf 81' lang='lat' dir='ltr'><strong>verbis</strong></span> <span class='ocrx_word' id='word_1_191' title='bbox 622 4216 776 4305; x_wconf 80' lang='lat' dir='ltr'><strong>plurimo</strong></span> <span class='ocrx_word' id='word_1_192' title='bbox 792 4214 996 4302; x_wconf 81' lang='lat' dir='ltr'><strong>cogitationi</strong></span> <span class='ocrx_word' id='word_1_193' title='bbox 1007 4215 1221 4304; x_wconf 82' lang='lat' dir='ltr'><strong>suppeditat.</strong></span> <span class='ocrx_word' id='word_1_194' title='bbox 1244 4213 1345 4295; x_wconf 87' lang='lat' dir='ltr'><strong>Quod</strong></span> <span class='ocrx_word' id='word_1_195' title='bbox 1358 4221 1479 4282; x_wconf 83' lang='lat' dir='ltr'>autem</span> 
     </span>
     <span class='ocr_line' id='line_1_28' title="bbox 361 4339 1482 4430; baseline 0 -23"><span class='ocrx_word' id='word_1_196' title='bbox 361 4339 469 4408; x_wconf 84' lang='lat' dir='ltr'>verba</span> <span class='ocrx_word' id='word_1_197' title='bbox 503 4340 673 4409; x_wconf 81' lang='lat' dir='ltr'><strong>Gallionis</strong></span> <span class='ocrx_word' id='word_1_198' title='bbox 707 4360 789 4408; x_wconf 90' lang='lat' dir='ltr'><strong>oum</strong></span> <span class='ocrx_word' id='word_1_199' title='bbox 825 4339 1138 4430; x_wconf 85' lang='lat' dir='ltr'><strong>Apoeolocynlosei</strong></span> <span class='ocrx_word' id='word_1_200' title='bbox 1167 4344 1423 4428; x_wconf 79' lang='lat' dir='ltr'><strong>comparantur</strong></span> <span class='ocrx_word' id='word_1_201' title='bbox 1445 4344 1482 4407; x_wconf 84' lang='lat' dir='ltr'><strong>et</strong></span> 
     </span>
     <span class='ocr_line' id='line_1_29' title="bbox 364 4463 1479 4554; baseline -0.002 -21"><span class='ocrx_word' id='word_1_202' title='bbox 364 4484 436 4533; x_wconf 82' lang='lat' dir='ltr'><strong>una</strong></span> <span class='ocrx_word' id='word_1_203' title='bbox 480 4471 807 4533; x_wconf 77' lang='lat' dir='ltr'><strong>commemorentur</strong></span> <span class='ocrx_word' id='word_1_204' title='bbox 844 4472 1055 4554; x_wconf 79' lang='lat' dir='ltr'><strong>argumento</strong></span> <span class='ocrx_word' id='word_1_205' title='bbox 1095 4468 1149 4533; x_wconf 83' lang='lat' dir='ltr'><strong>est</strong></span> <span class='ocrx_word' id='word_1_206' title='bbox 1171 4463 1479 4554; x_wconf 79' lang='lat' dir='ltr'><strong>npooolooyniosin</strong></span> 
     </span>
    </p>
   </div>
   <div class='ocr_carea' id='block_1_3' title="bbox 0 0 1882 5518">
    <p class='ocr_par' dir='ltr' id='par_1_4' title="bbox 0 0 1882 5518">
     <span class='ocr_line' id='line_1_30' title="bbox 0 0 1882 5518; baseline 0 0"><span class='ocrx_word' id='word_1_207' title='bbox 0 0 1882 5518; x_wconf 95' lang='lat' dir='ltr'><strong> </strong></span> 
     </span>
    </p>
   </div>
  </div>
 </body>
</html>
