3734 5518
974 736 1019 805 44

432 934 681 1023 corrigendum
694 936 755 1003 sit:
770 935 837 1018 „ad
851 934 1001 1004 Axium”
1019 939 1057 1021 ¹).
1071 935 1258 1005 Silentium
1276 937 1500 1026 autemquod
1511 938 1553 1006 de

434 1059 532 1128 libris
563 1060 608 1127 ad
639 1059 796 1129 Atticum
820 1081 891 1129 non
916 1060 1031 1130 solum
1057 1068 1134 1150 post
1158 1062 1336 1130 Ciceronis
1359 1061 1420 1130 sed
1444 1062 1552 1130 etiam

435 1190 512 1273 post
531 1184 639 1254 Attici
664 1190 813 1255 mortem
837 1184 915 1270 fuit,
937 1186 1022 1254 mihi
1035 1186 1176 1274 quidem
1192 1186 1444 1276 probatusque
1456 1186 1553 1255 Cice·

432 1328 558 1376 ronem
581 1329 696 1398 neque
720 1310 890 1393 Atticum,
914 1310 957 1379 de
980 1311 1077 1379 fama
1100 1312 1176 1380 eius
1199 1310 1402 1393 sollicitum,
1432 1331 1555 1380 omnes

434 1434 602 1523 epistulas
636 1435 791 1524 integras
823 1433 995 1524 publicari
1033 1435 1192 1504 voluisse.
1229 1435 1272 1503 Et
1302 1435 1424 1524 procul
1448 1434 1555 1503 dubio

435 1559 470 1626 in
524 1559 578 1643 iis,
627 1580 716 1649 quas
762 1561 832 1628 iam
883 1561 1002 1628 statim
1052 1560 1094 1628 de
1138 1560 1283 1628 edendis
1331 1561 1554 1644 exemissent,

434 1684 560 1752 tertius
583 1685 644 1774 qui
667 1705 763 1753 nunc
786 1690 840 1753 est
863 1684 1002 1753 libellus
1018 1685 1156 1765 luisset,
1180 1706 1250 1773 quo
1274 1705 1343 1752 non
1368 1683 1482 1752 solum
1503 1705 1557 1767 ea,

435 1828 526 1896 quae
549 1809 585 1877 in
611 1809 830 1878 orationibus
849 1809 893 1878 de
913 1829 1033 1878 amore
1053 1829 1118 1879 suo
1143 1809 1276 1897 patriae
1299 1810 1373 1898 ipse
1391 1809 1556 1892 affirmat,

435 1932 702 2022 redarguuntur
725 1934 773 2020 (id
798 1934 1002 2003 Ciceronem
1026 1954 1097 2003 nou
1121 1933 1227 2002 nimis
1250 1953 1392 2002 curasse
1412 1933 1482 2000 iam
1496 1954 1555 2002 su·

435 2077 500 2145 pra
544 2057 720 2148 vidimus),
759 2058 820 2127 sed
852 2059 958 2128 etiam
991 2059 1094 2128 multi
1126 2078 1169 2126 ex
1197 2059 1250 2142 iis,
1279 2058 1408 2147 quibus
1435 2064 1557 2147 postea

438 2182 608 2252 maximas
630 2184 702 2272 egit
723 2185 866 2274 gratias,
888 2183 982 2273 quod
1005 2204 1085 2252 vere
1098 2184 1285 2253 benevolos
1298 2182 1556 2258 eossibifuisse

436 2308 680 2396 perspexisset,
705 2308 900 2398 proditores
923 2308 1074 2377 audiunt
1102 2315 1137 2376 et
1160 2309 1304 2377 inimici.

480 2430 530 2499 De
553 2433 721 2521 epistulis,
746 2451 836 2522 quae
861 2433 925 2512 „ad
940 2432 1153 2501 familiares'’
1166 2432 1345 2516 dicuntur,
1357 2433 1554 2501 intricatior

436 2557 595 2644 quaestio
629 2563 693 2626 est.
728 2556 818 2626 Sunt
846 2557 940 2625 enim
965 2557 1035 2625 duo
1059 2557 1136 2636 loci,
1161 2557 1222 2645 qui
1247 2577 1387 2625 omnem
1412 2556 1557 2625 demant

436 2679 705 2760 dubitationem,
741 2683 827 2769 quin
861 2683 932 2750 iam
968 2681 1137 2750 Cicerone
1162 2682 1238 2749 vivo
1262 2681 1438 2771 quaedam
1463 2681 1557 2749 edita

436 2805 507 2874 sint
531 2804 585 2874 vel
605 2805 729 2874 saltem
752 2805 897 2874 editioni
920 2813 1054 2894 parata.
1079 2805 1118 2874 Io
1142 2805 1293 2895 epistula
1317 2804 1360 2872 17
1384 2804 1464 2872 libri
1476 2804 1556 2873 XVI

435 2930 557 2999 Cicero
580 2930 699 3000 Tironi
722 2931 848 3000 liberto
871 2951 935 3000 suo
958 2929 1097 2999 scribit:
1117 2929 1248 3014 „Video
1261 2929 1345 3017 quid
1358 2949 1460 3019 agas:
1474 2937 1555 2998 tuas

436 3074 578 3144 quoque
611 3055 780 3144 epistulas
815 3057 867 3124 vis
900 3056 1025 3124 referri
1047 3056 1084 3123 in
1110 3053 1321 3124 volumina.”
1347 3054 1462 3124 Verba
1484 3075 1556 3124 non

437 3179 533 3247 omni
567 3199 610 3248 ex
644 3185 744 3269 parte
779 3179 935 3268 intellegi
969 3185 1126 3268 possunt,
1157 3179 1241 3268 quia
1265 3199 1330 3249 nec
1353 3199 1444 3269 quae
1468 3179 1557 3248 aliae

436 3304 516 3372 illae
549 3304 720 3393 epistulae
743 3305 814 3373 iam
838 3305 873 3372 in
900 3303 1078 3374 volumina
1103 3303 1233 3372 relatae
1256 3302 1398 3388 suerint,
1423 3304 1555 3372 scimus

438 3449 503 3498 nec
537 3435 689 3517 tempus,
718 3449 788 3517 quo
813 3429 856 3496 ad
880 3428 1045 3498 Tironem
1069 3429 1206 3497 litterae
1229 3427 1333 3496 datae
1356 3433 1449 3512 sunt,
1474 3427 1559 3496 satis

437 3557 584 3622 constat.
620 3550 767 3642 (Putant
795 3553 903 3622 fuisse
927 3553 1061 3622 ultimis
1084 3552 1208 3620 diebus
1232 3573 1277 3621 m.
1303 3552 1422 3633 Quint.
1448 3573 1479 3620 a.
1504 3550 1559 3632 45,

440 3676 577 3745 Bardt
619 3697 652 3766 p.
695 3677 767 3767 Vl).
803 3676 1032 3767 Perspicuum
1067 3682 1186 3745 tamen
1222 3687 1286 3760 est,
1322 3675 1486 3745 Tironem
1521 3676 1557 3742 in

438 3800 633 3891 colligendo
645 3808 856 3890 occupatum
870 3800 995 3886 fuisse3
1010 3821 1123 3890 neque
1136 3821 1217 3870 eum
1231 3801 1375 3870 consilio
1384 3799 1559 3868 destitisse

438 3927 528 3995 alter
555 3926 774 3994 demonstrat
796 3926 894 3994 locus
916 3925 1089 4014 epistulae
1113 3925 1156 3993 ad
1184 3926 1341 3994 Atticum
1367 3921 1559 4010 (XV15.5)

439 4074 470 4121 a.
495 4051 527 4120 d.
552 4050 624 4119 Vll.
649 4050 698 4119 ld.
722 4049 841 4131 Quint.
865 4072 896 4119 a.
920 4049 965 4119 44
984 4052 1105 4120 datae:
1129 4049 1311 4134 „Mearum
1324 4047 1558 4138 epistularum

439 4175 539 4244 nulla
572 4180 625 4244 est
655 4182 839 4255 συναγωγή,
863 4175 925 4245 sed
951 4175 1056 4244 habet
1079 4175 1161 4243 Tiro
1184 4176 1297 4242 instar
1320 4173 1555 4263 septuaginta.

482 4449 512 4524 1)
553 4443 829 4507 llolnr.·Stcrnk.
851 4461 878 4523 p.
900 4445 939 4504 14
960 4449 988 4504 et
1011 4461 1036 4522 p.
1060 4444 1087 4503 7.
