3792 5486
968 723 1031 792 162

434 920 585 989 inveniri
610 924 743 1010 potesl3
768 921 829 1009 qui
854 924 1003 1009 poterat,
1027 919 1212 988 familiaris
1236 925 1356 989 noster
1378 931 1423 971 '—
1440 922 1489 990 sic
1502 929 1555 990 est

390 1063 392 1066 ·
435 1046 548 1129 enim3
576 1044 650 1113 volo
674 1052 707 1112 te
733 1045 797 1114 hoc
822 1044 911 1112 scire
934 1044 1098 1133 (valetne
1123 1044 1189 1114 hoc
1214 1045 1307 1113 idem
1331 1053 1457 1136 alque:
1479 1047 1554 1116 volo

381 1255 390 1268 ι
436 1180 471 1239 te
494 1170 610 1239 dicere
632 1190 688 1238 me
699 1189 776 1237 esse
788 1168 999 1237 familiarem
1013 1169 1386 1260 eius?)-Pompeius
1398 1171 1555 1259 togulam

434 1294 530 1362 illam
565 1293 696 1384 pictam
732 1292 870 1361 silentio
893 1299 1016 1362 tuetur
1039 1313 1141 1361 suam
1165 1292 1227 1380 (ib.
1251 1292 1346 1380 l8.6;
1372 1295 1483 1364 Boot
1506 1295 1556 1365 cft

437 1416 523 1485 Vell.
548 1417 652 1498 llll),
677 1417 741 1486 Dio
764 1415 889 1501 3721).
914 1416 1003 1486 Cum
1027 1417 1070 1485 de
1087 1417 1333 1487 consularibus
1349 1440 1426 1487 mea
1439 1420 1554 1509 prima

436 1563 512 1612 sors
535 1543 672 1625 exisset,
696 1563 769 1611 nna
793 1563 877 1611 voce
901 1548 1045 1611 senatus
1069 1543 1236 1631 frequens
1261 1523 1485 1614 retinendum
1500 1565 1555 1612 me

435 1669 472 1744 in
496 1668 583 1736 urbe
608 1669 755 1737 censuit.
782 1667 856 1737 Hoc
878 1667 973 1736 idem
998 1675 1076 1758 post
1101 1688 1157 1736 me
1182 1668 1347 1757 Pompeio
1364 1669 1503 1756 accidit,
1516 1675 1556 1737 ut

436 1814 501 1863 nos
531 1793 601 1862 duo
625 1795 726 1882 quasi
753 1794 900 1881 pignora
923 1793 974 1860 rei
1000 1791 1162 1881 publicae
1186 1794 1331 1860 retineri
1357 1793 1556 1863 videremur

437 1918 495 2005 (ib.
526 1916 629 2003 193).
653 1919 803 2006 Agraria
826 1918 882 1984 lex
906 1939 926 1985 a
950 1916 1069 1986 Flavio
1092 1918 1235 1985 tribuno
1260 1917 1304 2006 pl.
1332 1919 1557 1988 vehementer

437 2043 638 2134 agitabatur
662 2048 807 2111 auctore
827 2041 1005 2130 Pompeio,
1018 2063 1109 2130 quae
1123 2041 1209 2110 nihil
1222 2041 1391 2131 populare
1405 2042 1556 2114 habebat

438 2175 577 2258 praeter
601 2171 781 2236 auctorem
797 2219 805 2236 .
819 2219 826 2235 .
841 2219 870 2236 ..
896 2166 988 2236 Huic
1010 2167 1075 2235 toti
1099 2166 1226 2235 rationi
1239 2168 1399 2255 agrariae
1411 2175 1556 2236 senatus

437 2292 692 2362 adversabatur
714 2291 898 2382 suspicans
919 2291 1085 2381 Pompeio
1099 2310 1226 2359 novam
1239 2290 1418 2378 quandam
1433 2299 1557 2381 poten-

436 2419 522 2487 tiam
547 2417 692 2506 quaeri;
717 2415 905 2506 Pompeius
931 2436 1011 2485 vero
1036 2415 1081 2484 ad
1096 2415 1312 2484 voluntatem
1328 2416 1556 2506 perferendae

438 2543 523 2632 legis
559 2542 777 2611 incubuerat.
814 2541 975 2628 Ego...
1010 2539 1176 2628 Pompeio
1213 2541 1310 2623 (nam
1347 2540 1380 2607 id
1416 2560 1556 2629 quoque

439 2666 613 2751 volebam)
637 2667 722 2734 satis
746 2666 918 2735 faciebam
943 2665 975 2755 (5
997 2663 1044 2751 ll).
1069 2664 1192 2754 ltaque
1217 2666 1370 2754 primum
1388 2685 1481 2750 eum,
1495 2665 1556 2754 qui

438 2792 588 2860 nimium
613 2790 671 2859 diu
694 2790 736 2858 de
759 2790 865 2858 rebus
877 2791 1007 2858 nostris
1020 2795 1190 2868 tacuerat,
1204 2788 1410 2878 Pompeium
1423 2789 1555 2857 adduxi

437 2916 577 2985 ineam
603 2915 831 3000 voluntatem,
856 2916 954 2984 utin
979 2920 1104 2982 senatu
1129 2934 1198 2982 non
1223 2915 1342 3000 semel,
1366 2916 1426 2984 sed
1452 2935 1556 3005 saepe

440 3041 640 3132 multisque·
654 3039 770 3109 verbis
795 3039 900 3108 huius
924 3038 1010 3106 mihi
1027 3037 1178 3106 salutem
1192 3038 1449 3127 impediatque
1462 3038 1556 3108 orbis

437 3175 616 3236 terrarum
638 3165 850 3234 adiudicarit
864 3217 870 3232 .
885 3215 892 3232 .
907 3217 914 3232 .
935 3162 1023 3232 Cum
1038 3163 1104 3232 hoc
1116 3183 1180 3252 ego
1192 3184 1249 3231 me
1263 3169 1361 3232 tanta
1374 3164 1557 3233 familiari-

437 3298 509 3361 tate
530 3291 706 3376 coniunxi,
719 3296 760 3358 nt
777 3297 927 3377 uterque
941 3296 1101 3356 nostrum
1114 3288 1149 3355 in
1163 3307 1227 3356 sua
1240 3290 1375 3357 ratione
1389 3290 1557 3358 munitior

438 3424 474 3485 et
494 3417 529 3484 in
543 3414 734 3506 republica
749 3414 883 3482 firmior
896 3412 961 3482 hac
974 3413 1220 3482 coniunctione
1233 3433 1308 3481 esse
1322 3415 1430 3503 possit
1442 3413 1474 3505 (5
1487 3413 1556 3503 7).”

483 3541 551 3610 Sed
577 3540 739 3630 privatim
763 3539 806 3606 de
830 3538 923 3607 socio
949 3539 1066 3605 minus
1089 3537 1168 3608 lene
1190 3537 1361 3606 iudicium
1384 3544 1477 3607 erat:
1491 3537 1557 3624 „Is,

439 3664 482 3732 de
517 3685 587 3754 quo
622 3663 755 3748 scribis,
791 3663 879 3731 nibil
913 3662 1020 3731 habet
1055 3661 1225 3751 amplum,
1257 3662 1342 3731 nihil
1368 3662 1556 3748 excelsum,

439 3789 526 3857 nihil
562 3810 631 3859 non
664 3790 891 3857 summissum
927 3795 1034 3875 atque
1071 3787 1250 3876 populare.
1281 3787 1413 3856 Verum
1436 3793 1555 3856 tamen

438 3914 507 3982 fuit
555 3914 645 3982 ratio
680 3914 766 3981 mihi
800 3913 948 3981 fortasse
984 3911 1028 3979 ad
1064 3911 1358 4001 tranquillitatem
1395 3932 1554 3981 meorum

439 4047 640 4128 temporum
664 4059 732 4107 non
759 4037 903 4121 inutilis
926 4043 962 4104 et
987 4037 1186 4105 mehercule
1207 4035 1432 4126 reipublicae
1447 4037 1557 4106 multo

439 4164 545 4232 etiam
580 4163 700 4232 utilior
722 4183 830 4252 quam
860 4161 956 4246 mihi,
980 4161 1111 4231 civium
1136 4159 1379 4250 improborum
1404 4162 1558 4250 impetus

440 4290 474 4357 in
501 4309 556 4356 me
581 4289 735 4376 reprimi,
759 4308 839 4356 cum
868 4287 1017 4355 hominis
1037 4286 1255 4375 amplissima
1268 4286 1422 4370 fortuna,
1434 4292 1558 4354 aucto·

440 4413 555 4496 ritate,
586 4413 700 4501 gratia
736 4411 967 4480 fluctuantem
999 4411 1211 4479 sententiam
1236 4409 1500 4479 confirmassem
1523 4415 1559 4478 et
