3792 5486
863 724 930 793 103

387 921 481 990 Num
505 927 635 992 natura
657 921 755 1006 eaeli,
781 941 872 1010 quae
895 941 991 990 nunc
1013 927 1077 1003 est,
1101 919 1225 989 eadem
1249 927 1341 990 esset
1353 927 1460 1011 atque
1508 891 1511 898 λ

342 1045 458 1114 Ovidii
491 1046 721 1137 temporibus,
756 1053 931 1135 quantum
966 1066 1031 1135 ego
1062 1044 1204 1135 quidem
1237 1046 1319 1128 scio,
1345 1065 1460 1129 nemo,

341 1171 401 1258 qui
425 1169 470 1239 ad
494 1170 660 1240 Ovidium
675 1171 947 1240 commentarios
959 1170 1109 1260 scripsit,
1123 1171 1460 1260 investigavitprae·

341 1298 503 1384 terquam
538 1295 632 1384 qood
669 1295 799 1364 Owen
836 1295 879 1364 ad
912 1294 1119 1364 Tristie'IlI
1150 1292 1249 1362 mer
1273 1295 1394 1363 citavit
1417 1315 1460 1362 ex

341 1419 477 1487 diurnis
510 1418 668 1509 Anglicis
701 1441 733 1488 a.
764 1417 853 1488 1889
887 1419 930 1487 de
965 1419 1139 1488 acerrima
1173 1417 1287 1487 hieme
1311 1419 1347 1486 in
1371 1417 1461 1488 urbe

341 1541 483 1612 Odessa.
519 1542 687 1612 Attamen
722 1542 778 1612 tac
810 1542 913 1611 hodie
937 1542 1040 1611 aliter
1060 1563 1135 1610 rem
1159 1563 1196 1611 se
1223 1542 1363 1626 habere,
1387 1562 1457 1611 non

341 1667 512 1756 perspicio
535 1668 713 1758 quomodo
736 1667 1243 1758 quis0vidium‚quietiorom
1257 1666 1459 1735 testimonia

339 1791 519 1861 invocaret
553 1798 600 1877 et,
635 1792 664 1859 si
698 1792 805 1859 nimis
839 1791 1010 1860 immania
1041 1797 1214 1874 narraret,
1241 1791 1362 1874 risum,
1388 1811 1458 1857 noo

339 1915 615 2005 indignationem
640 1935 677 1984 se
703 1922 882 1984 moturum
906 1935 982 1985 esse
1007 1915 1115 2005 probe
1139 1916 1256 1998 sciret,
1287 1911 1460 1982 mendacii

338 2059 488 2129 arguere
532 2041 695 2130 potuerit.
739 2040 868 2130 Utique
912 2040 1040 2108 mirum
1080 2039 1188 2107 videri
1224 2059 1295 2108 non
1333 2045 1459 2128 potest,

339 2163 503 2233 Ovidium
529 2185 573 2232 ex
597 2185 668 2253 quo
692 2164 821 2234 Tomos
846 2165 951 2243 venit,
974 2184 1170 2254 numquam
1196 2162 1338 2232 desiisse
1364 2162 1458 2230 miti-

339 2307 436 2357 orem
472 2296 509 2356 et
545 2291 747 2378 propiorem
781 2289 876 2358 exiiii
907 2289 1025 2357 sedem
1063 2309 1186 2376 rogare
1221 2289 1376 2378 primum
1413 2285 1459 2355 ab

337 2411 509 2501 Augusto,
533 2413 660 2482 deinde
684 2415 791 2483 etiarn
814 2435 835 2482 a
860 2413 1013 2482 Tiberio:

499 2583 601 2643 nitius
621 2583 745 2643 exilium
768 2583 792 2644 si
814 2583 867 2642 des
888 2583 1068 2661 propiusque
1090 2583 1217 2659 roganti,

536 2699 610 2759 Pars
631 2699 688 2759 erit
708 2718 748 2759 ex
768 2718 863 2778 poena
884 2717 993 2776 magua
1014 2699 1113 2758 lerata
1134 2717 1208 2758 mee.

1138 2816 1198 2893 (rr.
1221 2816 1254 2873 11
1278 2793 1413 2890 len‘sq.)

499 2931 606 2990 Tutior
627 2930 751 2990 exilium
774 2929 922 3008 pauloque
942 2930 1073 3008 quietius
1094 2949 1153 2991 oro.

1280 3031 1319 3090 ib.
1343 3031 1400 3093 ttt

496 3143 568 3220 Spes
589 3142 683 3221 igitur
703 3146 838 3220 superest
859 3142 1020 3212 fauturum,
1039 3152 1074 3203 ut
1096 3143 1210 3203 molliat
1230 3033 1293 3222 ipio
1404 3037 1414 3106 )

539 3257 647 3318 Mutati
668 3276 792 3336 poenam
814 3258 986 3318 eondieioue
1007 3259 1073 3318 looi.

1112 3364 1174 3443 (Tr.
1196 3366 1245 3424 111
1266 3365 1335 3426 nte
1356 3371 1413 3445 sq.)

495 3480 635 3539 Nominis
657 3484 689 3539 ut
710 3478 782 3538 lessi
804 3479 856 3539 fiet
879 3481 1061 3540 mansuetior
1079 3481 1134 3557 ire,

540 3597 715 3672 Mutetoque
738 3595 834 3655 minor
854 3597 893 3654 rit
914 3614 980 3656 mea
1002 3615 1097 3674 poene
1116 3596 1187 3656 loeo.

1197 3715 1239 3786 {ib
1270 3717 1338 3773 623
1359 3725 1416 3794 sq.)

535 3827 582 3886 Ex
603 3826 650 3886 his
672 3844 719 3885 me
737 3827 839 3887 iubeat
860 3828 995 3905 quolibet
1015 3828 1060 3887 ire
1081 3828 1161 3889 loeis.

534 3943 651 4002 Mutato
672 3943 767 4003 levior
788 3942 919 4021 eitinga
940 3949 1041 4003 nostra
1062 3943 1139 4004 loeo!

1181 4061 1231 4135 (ib.
1254 4063 1332 4132 822,
1355 4062 1416 4136 42).

494 4175 530 4234 Di
552 4174 650 4249 ferite,
673 4179 706 4234 ut
725 4173 835 4235 Caesar
857 4192 916 4235 non
938 4175 986 4235 hie
1007 4175 1159 4254 penetrale
1181 4175 1370 4254 domumque,

533 4290 703 4369 Hospitium
725 4308 837 4369 poenae
857 4291 909 4350 red
931 4292 1003 4350 vetit
1024 4309 1088 4351 esre
1111 4309 1203 4351 mene.

1173 4407 1224 4480 tib.
1249 4407 1337 4466 late
1358 4410 1416 4487 sq.)
