<?xml version="1.0" encoding="UTF-8"?>
<!DOCTYPE html PUBLIC "-//W3C//DTD XHTML 1.0 Transitional//EN"
    "http://www.w3.org/TR/xhtml1/DTD/xhtml1-transitional.dtd">
<html xmlns="http://www.w3.org/1999/xhtml" xml:lang="en" lang="en">
 <head>
  <title>
</title>
<meta http-equiv="Content-Type" content="text/html;charset=utf-8" />
  <meta name='ocr-system' content='tesseract 3.04.00' />
  <meta name='ocr-capabilities' content='ocr_page ocr_carea ocr_par ocr_line ocrx_word'/>
</head>
<body>
  <div class='ocr_page' id='page_1' title='image "./exulumtriassive00leopgoog_0133.png"; bbox 0 0 3792 5486; ppageno 0'>
   <div class='ocr_carea' id='block_1_1' title="bbox 964 706 1030 776">
    <p class='ocr_par' dir='ltr' id='par_1_1' title="bbox 964 706 1030 776">
     <span class='ocr_line' id='line_1_1' title="bbox 964 706 1030 776; baseline -0.015 0"><span class='ocrx_word' id='word_1_1' title='bbox 964 706 1030 776; x_wconf 74' lang='lat'>120</span> 
     </span>
    </p>
   </div>
   <div class='ocr_carea' id='block_1_2' title="bbox 380 902 1554 4482">
    <p class='ocr_par' dir='ltr' id='par_1_2' title="bbox 380 902 1552 1866">
     <span class='ocr_line' id='line_1_2' title="bbox 433 902 1550 994; baseline -0.002 -22"><span class='ocrx_word' id='word_1_2' title='bbox 433 910 496 973; x_wconf 92' lang='lat' dir='ltr'>aut</span> <span class='ocrx_word' id='word_1_3' title='bbox 516 925 581 988; x_wconf 81' lang='lat' dir='ltr'>me,</span> <span class='ocrx_word' id='word_1_4' title='bbox 602 923 706 992; x_wconf 90' lang='lat' dir='ltr'>quern</span> <span class='ocrx_word' id='word_1_5' title='bbox 724 904 782 973; x_wconf 89' lang='lat' dir='ltr'>iile</span> <span class='ocrx_word' id='word_1_6' title='bbox 796 905 1081 974; x_wconf 81' lang='lat' dir='ltr'>florentissimum</span> <span class='ocrx_word' id='word_1_7' title='bbox 1098 905 1298 994; x_wconf 82' lang='lat' dir='ltr'>reliquerat,</span> <span class='ocrx_word' id='word_1_8' title='bbox 1313 903 1488 993; x_wconf 89' lang='lat' dir='ltr'>perditum</span> <span class='ocrx_word' id='word_1_9' title='bbox 1502 902 1550 971; x_wconf 93' lang='lat' dir='ltr'>illi</span> 
     </span>
     <span class='ocr_line' id='line_1_3' title="bbox 433 1028 1550 1119; baseline -0.002 -23"><span class='ocrx_word' id='word_1_10' title='bbox 433 1029 676 1117; x_wconf 81' lang='lat' dir='ltr'>afflictumque</span> <span class='ocrx_word' id='word_1_11' title='bbox 696 1029 858 1098; x_wconf 79' lang='lat' dir='ltr'>offerrem</span> <span class='ocrx_word' id='word_1_12' title='bbox 880 1030 943 1119; x_wconf 85' lang='lat' dir='ltr'>(ib.</span> <span class='ocrx_word' id='word_1_13' title='bbox 964 1028 1067 1118; x_wconf 68' lang='lat'>102).</span> <span class='ocrx_word' id='word_1_14' title='bbox 1093 1030 1140 1098; x_wconf 91' lang='lat' dir='ltr'>Mi</span> <span class='ocrx_word' id='word_1_15' title='bbox 1163 1030 1283 1104; x_wconf 81' lang='lat' dir='ltr'>frater.</span> <span class='ocrx_word' id='word_1_16' title='bbox 1302 1032 1348 1097; x_wconf 91' lang='lat' dir='ltr'>mi</span> <span class='ocrx_word' id='word_1_17' title='bbox 1369 1029 1489 1110; x_wconf 86' lang='lat' dir='ltr'>frater,</span> <span class='ocrx_word' id='word_1_18' title='bbox 1505 1028 1550 1095; x_wconf 92' lang='lat' dir='ltr'>mi</span> 
     </span>
     <span class='ocr_line' id='line_1_4' title="bbox 432 1152 1551 1243; baseline -0.002 -22"><span class='ocrx_word' id='word_1_19' title='bbox 432 1154 553 1238; x_wconf 82' lang='lat' dir='ltr'>frater,</span> <span class='ocrx_word' id='word_1_20' title='bbox 565 1162 651 1223; x_wconf 90' lang='lat' dir='ltr'>tuna</span> <span class='ocrx_word' id='word_1_21' title='bbox 664 1155 697 1223; x_wconf 86' lang='lat' dir='ltr'>id</span> <span class='ocrx_word' id='word_1_22' title='bbox 715 1155 844 1222; x_wconf 87' lang='lat' dir='ltr'>veritus</span> <span class='ocrx_word' id='word_1_23' title='bbox 856 1174 904 1238; x_wconf 88' lang='lat' dir='ltr'>es,</span> <span class='ocrx_word' id='word_1_24' title='bbox 918 1175 962 1222; x_wconf 90' lang='lat' dir='ltr'>ne</span> <span class='ocrx_word' id='word_1_25' title='bbox 974 1174 1037 1242; x_wconf 79' lang='lat' dir='ltr'>ego</span> <span class='ocrx_word' id='word_1_26' title='bbox 1050 1154 1234 1222; x_wconf 79' lang='lat' dir='ltr'>iracundia</span> <span class='ocrx_word' id='word_1_27' title='bbox 1246 1153 1364 1243; x_wconf 85' lang='lat' dir='ltr'>aliqua</span> <span class='ocrx_word' id='word_1_28' title='bbox 1377 1152 1551 1221; x_wconf 91' lang='lat' dir='ltr'>adductus</span> 
     </span>
     <span class='ocr_line' id='line_1_5' title="bbox 380 1274 1551 1372; baseline -0.003 -25"><span class='ocrx_word' id='word_1_29' title='bbox 380 1329 382 1336; x_wconf 74' lang='grc'>.</span> <span class='ocrx_word' id='word_1_30' title='bbox 435 1299 561 1368; x_wconf 90' lang='lat' dir='ltr'>pueros</span> <span class='ocrx_word' id='word_1_31' title='bbox 595 1280 638 1347; x_wconf 89' lang='lat' dir='ltr'>ad</span> <span class='ocrx_word' id='word_1_32' title='bbox 675 1285 709 1350; x_wconf 80' lang='lat' dir='ltr'>ta</span> <span class='ocrx_word' id='word_1_33' title='bbox 744 1280 818 1348; x_wconf 88' lang='lat' dir='ltr'>sine</span> <span class='ocrx_word' id='word_1_34' title='bbox 853 1279 979 1372; x_wconf 83' lang='lat' dir='ltr'>litteris</span> <span class='ocrx_word' id='word_1_35' title='bbox 1015 1274 1295 1347; x_wconf 63' lang='lat' dir='ltr'>miserimi‘Aut</span> <span class='ocrx_word' id='word_1_36' title='bbox 1318 1279 1424 1347; x_wconf 85' lang='lat' dir='ltr'>etiam</span> <span class='ocrx_word' id='word_1_37' title='bbox 1450 1297 1494 1345; x_wconf 89' lang='lat' dir='ltr'>ne</span> <span class='ocrx_word' id='word_1_38' title='bbox 1517 1284 1551 1344; x_wconf 86' lang='lat' dir='ltr'>te</span> 
     </span>
     <span class='ocr_line' id='line_1_6' title="bbox 390 1402 1550 1492; baseline -0.003 -21"><span class='ocrx_word' id='word_1_39' title='bbox 390 1437 394 1444; x_wconf 94' lang='lat'>·</span> <span class='ocrx_word' id='word_1_40' title='bbox 439 1404 555 1471; x_wconf 83' lang='lat' dir='ltr'>videre</span> <span class='ocrx_word' id='word_1_41' title='bbox 589 1403 788 1472; x_wconf 66' lang='lat' dir='ltr'>noluerim?</span> <span class='ocrx_word' id='word_1_42' title='bbox 823 1404 895 1491; x_wconf 82' lang='lat' dir='ltr'>Ego</span> <span class='ocrx_word' id='word_1_43' title='bbox 920 1404 983 1472; x_wconf 89' lang='lat' dir='ltr'>tibi</span> <span class='ocrx_word' id='word_1_44' title='bbox 1005 1403 1201 1473; x_wconf 65' lang='lat' dir='ltr'>irascerer?</span> <span class='ocrx_word' id='word_1_45' title='bbox 1225 1402 1302 1471; x_wconf 83' lang='lat' dir='ltr'>Tibi</span> <span class='ocrx_word' id='word_1_46' title='bbox 1325 1423 1389 1492; x_wconf 83' lang='lat' dir='ltr'>ego</span> <span class='ocrx_word' id='word_1_47' title='bbox 1415 1421 1550 1489; x_wconf 87' lang='lat' dir='ltr'>possem</span> 
     </span>
     <span class='ocr_line' id='line_1_7' title="bbox 432 1527 1551 1616; baseline -0.003 -22"><span class='ocrx_word' id='word_1_48' title='bbox 432 1528 628 1596; x_wconf 72' lang='lat' dir='ltr'>irascit...</span> <span class='ocrx_word' id='word_1_49' title='bbox 653 1528 725 1616; x_wconf 79' lang='lat' dir='ltr'>Ego</span> <span class='ocrx_word' id='word_1_50' title='bbox 748 1534 783 1596; x_wconf 90' lang='lat' dir='ltr'>te</span> <span class='ocrx_word' id='word_1_51' title='bbox 808 1528 925 1596; x_wconf 88' lang='lat' dir='ltr'>ridere</span> <span class='ocrx_word' id='word_1_52' title='bbox 951 1527 1148 1596; x_wconf 69' lang='lat' dir='ltr'>noluerim?</span> <span class='ocrx_word' id='word_1_53' title='bbox 1171 1527 1284 1596; x_wconf 89' lang='lat' dir='ltr'>Immo</span> <span class='ocrx_word' id='word_1_54' title='bbox 1308 1529 1551 1594; x_wconf 83' lang='lat' dir='ltr'>veromente</span> 
     </span>
     <span class='ocr_line' id='line_1_8' title="bbox 439 1648 1552 1722; baseline -0.003 -4"><span class='ocrx_word' id='word_1_55' title='bbox 439 1652 546 1720; x_wconf 89' lang='lat' dir='ltr'>videri</span> <span class='ocrx_word' id='word_1_56' title='bbox 583 1653 696 1721; x_wconf 88' lang='lat' dir='ltr'>nolui:</span> <span class='ocrx_word' id='word_1_57' title='bbox 733 1674 803 1722; x_wconf 92' lang='lat' dir='ltr'>non</span> <span class='ocrx_word' id='word_1_58' title='bbox 838 1653 932 1721; x_wconf 89' lang='lat' dir='ltr'>enirn</span> <span class='ocrx_word' id='word_1_59' title='bbox 959 1653 1103 1720; x_wconf 78' lang='lat' dir='ltr'>vidisses</span> <span class='ocrx_word' id='word_1_60' title='bbox 1127 1652 1272 1719; x_wconf 80' lang='lat' dir='ltr'>fratrem</span> <span class='ocrx_word' id='word_1_61' title='bbox 1297 1658 1467 1719; x_wconf 88' lang='lat' dir='ltr'>tuum...</span> <span class='ocrx_word' id='word_1_62' title='bbox 1491 1648 1552 1716; x_wconf 86' lang='lat' dir='ltr'>sed</span> 
     </span>
     <span class='ocr_line' id='line_1_9' title="bbox 433 1773 1515 1866; baseline -0.003 -22"><span class='ocrx_word' id='word_1_63' title='bbox 433 1775 610 1864; x_wconf 88' lang='lat' dir='ltr'>quandam</span> <span class='ocrx_word' id='word_1_64' title='bbox 638 1775 787 1866; x_wconf 82' lang='lat' dir='ltr'>effigiem</span> <span class='ocrx_word' id='word_1_65' title='bbox 813 1777 979 1866; x_wconf 90' lang='lat' dir='ltr'>spirantis</span> <span class='ocrx_word' id='word_1_66' title='bbox 1004 1777 1134 1845; x_wconf 91' lang='lat' dir='ltr'>mortui</span> <span class='ocrx_word' id='word_1_67' title='bbox 1157 1776 1215 1863; x_wconf 90' lang='lat' dir='ltr'>(ad</span> <span class='ocrx_word' id='word_1_68' title='bbox 1241 1775 1281 1856; x_wconf 86' lang='lat' dir='ltr'>Q.</span> <span class='ocrx_word' id='word_1_69' title='bbox 1306 1776 1349 1843; x_wconf 86' lang='lat' dir='ltr'>fr.</span> <span class='ocrx_word' id='word_1_70' title='bbox 1373 1775 1387 1843; x_wconf 94' lang='lat' dir='ltr'>I</span> <span class='ocrx_word' id='word_1_71' title='bbox 1411 1773 1515 1858; x_wconf 88' lang='grc'>3.1).”</span> 
     </span>
    </p>

    <p class='ocr_par' dir='ltr' id='par_1_3' title="bbox 434 1896 1553 3974">
     <span class='ocr_line' id='line_1_10' title="bbox 481 1896 1553 1990; baseline -0.002 -22"><span class='ocrx_word' id='word_1_72' title='bbox 481 1896 528 1968; x_wconf 83' lang='lat' dir='ltr'>Ea</span> <span class='ocrx_word' id='word_1_73' title='bbox 551 1907 586 1968; x_wconf 89' lang='lat' dir='ltr'>et</span> <span class='ocrx_word' id='word_1_74' title='bbox 609 1920 700 1989; x_wconf 87' lang='lat' dir='ltr'>quae</span> <span class='ocrx_word' id='word_1_75' title='bbox 723 1903 758 1969; x_wconf 91' lang='lat' dir='ltr'>in</span> <span class='ocrx_word' id='word_1_76' title='bbox 779 1901 901 1970; x_wconf 87' lang='lat' dir='ltr'>eadem</span> <span class='ocrx_word' id='word_1_77' title='bbox 923 1901 1295 1990; x_wconf 85' lang='lat' dir='ltr'>epistulaseqnuntur‚</span> <span class='ocrx_word' id='word_1_78' title='bbox 1311 1900 1553 1988; x_wconf 85' lang='lat' dir='ltr'>pariteroom-</span> 
     </span>
     <span class='ocr_line' id='line_1_11' title="bbox 436 2023 1553 2109; baseline -0.002 -17"><span class='ocrx_word' id='word_1_79' title='bbox 436 2030 528 2094; x_wconf 89' lang='lat' dir='ltr'>moto</span> <span class='ocrx_word' id='word_1_80' title='bbox 563 2027 681 2094; x_wconf 91' lang='lat' dir='ltr'>animo</span> <span class='ocrx_word' id='word_1_81' title='bbox 705 2026 882 2109; x_wconf 85' lang='lat' dir='ltr'>instincta,</span> <span class='ocrx_word' id='word_1_82' title='bbox 907 2025 1151 2093; x_wconf 90' lang='lat' dir='ltr'>demonstrant</span> <span class='ocrx_word' id='word_1_83' title='bbox 1174 2023 1379 2094; x_wconf 81' lang='lat' dir='ltr'>Ciceronem</span> <span class='ocrx_word' id='word_1_84' title='bbox 1404 2025 1553 2092; x_wconf 92' lang='lat' dir='ltr'>nimium</span> 
     </span>
     <span class='ocr_line' id='line_1_12' title="bbox 434 2150 1553 2234; baseline -0.002 -17"><span class='ocrx_word' id='word_1_85' title='bbox 434 2170 503 2218; x_wconf 90' lang='lat' dir='ltr'>non</span> <span class='ocrx_word' id='word_1_86' title='bbox 554 2150 661 2218; x_wconf 87' lang='lat' dir='ltr'>fuisse</span> <span class='ocrx_word' id='word_1_87' title='bbox 696 2171 776 2219; x_wconf 90' lang='lat' dir='ltr'>cnm</span> <span class='ocrx_word' id='word_1_88' title='bbox 813 2151 941 2219; x_wconf 86' lang='lat' dir='ltr'>iratres</span> <span class='ocrx_word' id='word_1_89' title='bbox 970 2151 1058 2218; x_wconf 82' lang='lat' dir='ltr'>dixit</span> <span class='ocrx_word' id='word_1_90' title='bbox 1091 2169 1167 2217; x_wconf 84' lang='lat' dir='ltr'>esse</span> <span class='ocrx_word' id='word_1_91' title='bbox 1202 2150 1484 2234; x_wconf 82' lang='lat' dir='ltr'>„amantissimos</span> <span class='ocrx_word' id='word_1_92' title='bbox 1519 2155 1553 2215; x_wconf 87' lang='lat' dir='ltr'>et</span> 
     </span>
     <span class='ocr_line' id='line_1_13' title="bbox 434 2273 1550 2365; baseline -0.004 -21"><span class='ocrx_word' id='word_1_93' title='bbox 434 2276 760 2344; x_wconf 86' lang='lat' dir='ltr'>coniunctissimos’&#39;</span> <span class='ocrx_word' id='word_1_94' title='bbox 795 2275 856 2363; x_wconf 88' lang='lat' dir='ltr'>(ib.</span> <span class='ocrx_word' id='word_1_95' title='bbox 881 2275 899 2365; x_wconf 69' lang='lat'>5</span> <span class='ocrx_word' id='word_1_96' title='bbox 922 2274 970 2362; x_wconf 82' lang='lat'>4),</span> <span class='ocrx_word' id='word_1_97' title='bbox 995 2295 1031 2343; x_wconf 87' lang='lat' dir='ltr'>se</span> <span class='ocrx_word' id='word_1_98' title='bbox 1055 2296 1124 2343; x_wconf 94' lang='lat' dir='ltr'>non</span> <span class='ocrx_word' id='word_1_99' title='bbox 1149 2274 1262 2343; x_wconf 87' lang='lat' dir='ltr'>solum</span> <span class='ocrx_word' id='word_1_100' title='bbox 1287 2274 1434 2343; x_wconf 82' lang='lat' dir='ltr'>fratrem</span> <span class='ocrx_word' id='word_1_101' title='bbox 1459 2273 1550 2341; x_wconf 89' lang='lat' dir='ltr'>desi-</span> 
     </span>
     <span class='ocr_line' id='line_1_14' title="bbox 434 2397 1550 2488; baseline -0.001 -22"><span class='ocrx_word' id='word_1_102' title='bbox 434 2399 569 2481; x_wconf 84' lang='lat' dir='ltr'>derare,</span> <span class='ocrx_word' id='word_1_103' title='bbox 594 2421 715 2468; x_wconf 86' lang='lat' dir='ltr'>rerum</span> <span class='ocrx_word' id='word_1_104' title='bbox 739 2402 912 2469; x_wconf 86' lang='lat' dir='ltr'>suavitate</span> <span class='ocrx_word' id='word_1_105' title='bbox 936 2400 1131 2488; x_wconf 80' lang='lat' dir='ltr'>aequalem.</span> <span class='ocrx_word' id='word_1_106' title='bbox 1151 2398 1318 2487; x_wconf 88' lang='lat' dir='ltr'>obsequio</span> <span class='ocrx_word' id='word_1_107' title='bbox 1332 2397 1453 2482; x_wconf 83' lang='lat' dir='ltr'>fllium,</span> <span class='ocrx_word' id='word_1_108' title='bbox 1467 2419 1550 2466; x_wconf 90' lang='lat' dir='ltr'>con·</span> 
     </span>
     <span class='ocr_line' id='line_1_15' title="bbox 434 2522 1549 2613; baseline -0.002 -23"><span class='ocrx_word' id='word_1_109' title='bbox 434 2523 510 2591; x_wconf 88' lang='lat' dir='ltr'>siiio</span> <span class='ocrx_word' id='word_1_110' title='bbox 535 2531 716 2612; x_wconf 86' lang='lat' dir='ltr'>parentem</span> <span class='ocrx_word' id='word_1_111' title='bbox 741 2525 802 2610; x_wconf 92' lang='lat' dir='ltr'>(ib.</span> <span class='ocrx_word' id='word_1_112' title='bbox 826 2523 874 2613; x_wconf 89' lang='lat'>3),</span> <span class='ocrx_word' id='word_1_113' title='bbox 898 2524 942 2591; x_wconf 90' lang='lat' dir='ltr'>de</span> <span class='ocrx_word' id='word_1_114' title='bbox 966 2544 1035 2612; x_wconf 91' lang='lat' dir='ltr'>quo</span> <span class='ocrx_word' id='word_1_115' title='bbox 1059 2524 1165 2591; x_wconf 90' lang='lat' dir='ltr'>etiam</span> <span class='ocrx_word' id='word_1_116' title='bbox 1184 2523 1227 2590; x_wconf 85' lang='lat' dir='ltr'>ad</span> <span class='ocrx_word' id='word_1_117' title='bbox 1242 2522 1398 2591; x_wconf 82' lang='lat' dir='ltr'>Atticum</span> <span class='ocrx_word' id='word_1_118' title='bbox 1412 2523 1549 2590; x_wconf 85' lang='lat' dir='ltr'>scribit:</span> 
     </span>
     <span class='ocr_line' id='line_1_16' title="bbox 435 2646 1550 2736; baseline -0.003 -21"><span class='ocrx_word' id='word_1_119' title='bbox 435 2646 610 2730; x_wconf 81' lang='lat' dir='ltr'>„Quintus</span> <span class='ocrx_word' id='word_1_120' title='bbox 632 2649 753 2728; x_wconf 77' lang='lat' dir='ltr'>frater,</span> <span class='ocrx_word' id='word_1_121' title='bbox 778 2649 881 2718; x_wconf 90' lang='lat' dir='ltr'>homo</span> <span class='ocrx_word' id='word_1_122' title='bbox 908 2650 1028 2731; x_wconf 70' lang='lat' dir='ltr'>mirus</span> <span class='ocrx_word' id='word_1_123' title='bbox 1052 2648 1113 2736; x_wconf 95' lang='lat' dir='ltr'>qui</span> <span class='ocrx_word' id='word_1_124' title='bbox 1140 2667 1194 2715; x_wconf 88' lang='lat' dir='ltr'>me</span> <span class='ocrx_word' id='word_1_125' title='bbox 1216 2653 1289 2720; x_wconf 86' lang='lat' dir='ltr'>tam</span> <span class='ocrx_word' id='word_1_126' title='bbox 1317 2646 1415 2714; x_wconf 88' lang='lat' dir='ltr'>vaide</span> <span class='ocrx_word' id='word_1_127' title='bbox 1444 2653 1550 2730; x_wconf 88' lang='lat' dir='ltr'>amat,</span> 
     </span>
     <span class='ocr_line' id='line_1_17' title="bbox 435 2770 1550 2861; baseline -0.004 -20"><span class='ocrx_word' id='word_1_128' title='bbox 435 2773 553 2841; x_wconf 89' lang='lat' dir='ltr'>omnia</span> <span class='ocrx_word' id='word_1_129' title='bbox 588 2773 695 2840; x_wconf 91' lang='lat' dir='ltr'>mittit</span> <span class='ocrx_word' id='word_1_130' title='bbox 729 2773 802 2860; x_wconf 87' lang='lat' dir='ltr'>spei</span> <span class='ocrx_word' id='word_1_131' title='bbox 839 2771 950 2861; x_wconf 86' lang='lat' dir='ltr'>plena,</span> <span class='ocrx_word' id='word_1_132' title='bbox 984 2780 1155 2853; x_wconf 86' lang='lat' dir='ltr'>metuens,</span> <span class='ocrx_word' id='word_1_133' title='bbox 1179 2771 1293 2852; x_wconf 82' lang='lat' dir='ltr'>credo,</span> <span class='ocrx_word' id='word_1_134' title='bbox 1319 2770 1550 2840; x_wconf 83' lang='lat' dir='ltr'>defectionem</span> 
     </span>
     <span class='ocr_line' id='line_1_18' title="bbox 434 2893 1549 2986; baseline -0.004 -20"><span class='ocrx_word' id='word_1_135' title='bbox 434 2898 542 2966; x_wconf 89' lang='lat' dir='ltr'>animi</span> <span class='ocrx_word' id='word_1_136' title='bbox 568 2898 656 2966; x_wconf 85' lang='lat' dir='ltr'>mei‘’</span> <span class='ocrx_word' id='word_1_137' title='bbox 681 2897 741 2986; x_wconf 88' lang='lat' dir='ltr'>(ad</span> <span class='ocrx_word' id='word_1_138' title='bbox 765 2896 837 2964; x_wconf 89' lang='lat' dir='ltr'>Att.</span> <span class='ocrx_word' id='word_1_139' title='bbox 858 2896 907 2964; x_wconf 86' lang='grc' dir='ltr'>ΙΙΙ</span> <span class='ocrx_word' id='word_1_140' title='bbox 919 2895 1012 2986; x_wconf 72' lang='lat'>182)</span> <span class='ocrx_word' id='word_1_141' title='bbox 1024 2904 1060 2964; x_wconf 89' lang='lat' dir='ltr'>et</span> <span class='ocrx_word' id='word_1_142' title='bbox 1071 2897 1128 2965; x_wconf 90' lang='lat' dir='ltr'>oui</span> <span class='ocrx_word' id='word_1_143' title='bbox 1142 2901 1251 2964; x_wconf 87' lang='lat' dir='ltr'>totam</span> <span class='ocrx_word' id='word_1_144' title='bbox 1265 2915 1366 2963; x_wconf 87' lang='lat' dir='ltr'>suam</span> <span class='ocrx_word' id='word_1_145' title='bbox 1379 2893 1549 2962; x_wconf 81' lang='lat' dir='ltr'>familiam</span> 
     </span>
     <span class='ocr_line' id='line_1_19' title="bbox 434 3019 1547 3112; baseline -0.003 -24"><span class='ocrx_word' id='word_1_146' title='bbox 434 3022 638 3090; x_wconf 84' lang='lat' dir='ltr'>committit:</span> <span class='ocrx_word' id='word_1_147' title='bbox 661 3023 773 3112; x_wconf 87' lang='lat' dir='ltr'>primo</span> <span class='ocrx_word' id='word_1_148' title='bbox 799 3022 935 3100; x_wconf 83' lang='lat' dir='ltr'>liberos,</span> <span class='ocrx_word' id='word_1_149' title='bbox 959 3025 1018 3110; x_wconf 89' lang='lat' dir='ltr'>qui</span> <span class='ocrx_word' id='word_1_150' title='bbox 1044 3020 1173 3101; x_wconf 84' lang='lat' dir='ltr'>Quinto</span> <span class='ocrx_word' id='word_1_151' title='bbox 1197 3019 1366 3088; x_wconf 81' lang='lat' dir='ltr'>incolumi</span> <span class='ocrx_word' id='word_1_152' title='bbox 1389 3019 1547 3087; x_wconf 92' lang='lat' dir='ltr'>orbinon</span> 
     </span>
     <span class='ocr_line' id='line_1_20' title="bbox 434 3144 1550 3235; baseline -0.004 -21"><span class='ocrx_word' id='word_1_153' title='bbox 434 3147 545 3215; x_wconf 75' lang='lat' dir='ltr'>futuri</span> <span class='ocrx_word' id='word_1_154' title='bbox 575 3147 656 3231; x_wconf 88' lang='lat' dir='ltr'>sint,</span> <span class='ocrx_word' id='word_1_155' title='bbox 679 3147 814 3231; x_wconf 85' lang='lat' dir='ltr'>deinde,</span> <span class='ocrx_word' id='word_1_156' title='bbox 839 3147 941 3235; x_wconf 89' lang='lat' dir='ltr'>quasi</span> <span class='ocrx_word' id='word_1_157' title='bbox 961 3146 1148 3226; x_wconf 82' lang='lat' dir='ltr'>haesitabo,</span> <span class='ocrx_word' id='word_1_158' title='bbox 1172 3144 1393 3213; x_wconf 84' lang='lat' dir='ltr'>Terentiam:</span> <span class='ocrx_word' id='word_1_159' title='bbox 1423 3145 1550 3227; x_wconf 86' lang='lat' dir='ltr'>„etiam</span> 
     </span>
     <span class='ocr_line' id='line_1_21' title="bbox 434 3266 1553 3354; baseline -0.004 -16"><span class='ocrx_word' id='word_1_160' title='bbox 434 3270 635 3340; x_wconf 80' lang='lat' dir='ltr'>Terentiam</span> <span class='ocrx_word' id='word_1_161' title='bbox 659 3270 760 3339; x_wconf 89' lang='lat' dir='ltr'>veiim</span> <span class='ocrx_word' id='word_1_162' title='bbox 780 3270 924 3338; x_wconf 88' lang='lat' dir='ltr'>tueare&#39;&#39;</span> <span class='ocrx_word' id='word_1_163' title='bbox 939 3271 952 3346; x_wconf 86' lang='grc'>(</span> <span class='ocrx_word' id='word_1_164' title='bbox 955 3269 999 3338; x_wconf 92' lang='lat' dir='ltr'>ad</span> <span class='ocrx_word' id='word_1_165' title='bbox 1012 3269 1052 3350; x_wconf 86' lang='lat' dir='ltr'>Q.</span> <span class='ocrx_word' id='word_1_166' title='bbox 1067 3269 1110 3337; x_wconf 82' lang='lat' dir='ltr'>fr.</span> <span class='ocrx_word' id='word_1_167' title='bbox 1123 3269 1138 3336; x_wconf 94' lang='grc' dir='ltr'>Ι</span> <span class='ocrx_word' id='word_1_168' title='bbox 1151 3266 1253 3354; x_wconf 80' lang='grc'><strong>3.10).</strong></span> <span class='ocrx_word' id='word_1_169' title='bbox 1279 3268 1376 3349; x_wconf 84' lang='lat' dir='ltr'>Quae</span> <span class='ocrx_word' id='word_1_170' title='bbox 1390 3268 1417 3337; x_wconf 89' lang='lat' dir='ltr'>si</span> <span class='ocrx_word' id='word_1_171' title='bbox 1431 3267 1553 3336; x_wconf 87' lang='lat' dir='ltr'>confe-</span> 
     </span>
     <span class='ocr_line' id='line_1_22' title="bbox 436 3391 1551 3480; baseline -0.006 -15"><span class='ocrx_word' id='word_1_172' title='bbox 436 3404 564 3464; x_wconf 92' lang='lat' dir='ltr'>runtur</span> <span class='ocrx_word' id='word_1_173' title='bbox 587 3416 667 3465; x_wconf 88' lang='lat' dir='ltr'>cum</span> <span class='ocrx_word' id='word_1_174' title='bbox 692 3395 737 3464; x_wconf 84' lang='lat' dir='ltr'>ad</span> <span class='ocrx_word' id='word_1_175' title='bbox 757 3396 780 3462; x_wconf 87' lang='lat' dir='ltr'>f.</span> <span class='ocrx_word' id='word_1_176' title='bbox 804 3395 884 3463; x_wconf 86' lang='lat' dir='ltr'>XIV</span> <span class='ocrx_word' id='word_1_177' title='bbox 908 3393 980 3462; x_wconf 70' lang='lat' dir='ltr'>tlt:</span> <span class='ocrx_word' id='word_1_178' title='bbox 1005 3394 1077 3478; x_wconf 85' lang='lat' dir='ltr'>„De</span> <span class='ocrx_word' id='word_1_179' title='bbox 1100 3392 1230 3473; x_wconf 86' lang='lat' dir='ltr'>Quinto</span> <span class='ocrx_word' id='word_1_180' title='bbox 1254 3393 1363 3461; x_wconf 82' lang='lat' dir='ltr'>fratre</span> <span class='ocrx_word' id='word_1_181' title='bbox 1388 3391 1475 3461; x_wconf 88' lang='lat' dir='ltr'>nibil</span> <span class='ocrx_word' id='word_1_182' title='bbox 1487 3412 1551 3480; x_wconf 84' lang='lat' dir='ltr'>ego</span> 
     </span>
     <span class='ocr_line' id='line_1_23' title="bbox 435 3515 1551 3607; baseline -0.005 -19"><span class='ocrx_word' id='word_1_183' title='bbox 435 3528 470 3588; x_wconf 90' lang='lat' dir='ltr'>te</span> <span class='ocrx_word' id='word_1_184' title='bbox 504 3521 677 3602; x_wconf 85' lang='lat' dir='ltr'>accusavi,</span> <span class='ocrx_word' id='word_1_185' title='bbox 712 3519 770 3588; x_wconf 91' lang='lat' dir='ltr'>sed</span> <span class='ocrx_word' id='word_1_186' title='bbox 810 3539 879 3602; x_wconf 78' lang='lat' dir='ltr'>vno,</span> <span class='ocrx_word' id='word_1_187' title='bbox 904 3539 985 3588; x_wconf 93' lang='lat' dir='ltr'>cum</span> <span class='ocrx_word' id='word_1_188' title='bbox 1011 3519 1217 3607; x_wconf 85' lang='lat' dir='ltr'>praesertim</span> <span class='ocrx_word' id='word_1_189' title='bbox 1242 3523 1314 3586; x_wconf 88' lang='lat' dir='ltr'>tam</span> <span class='ocrx_word' id='word_1_190' title='bbox 1339 3516 1443 3606; x_wconf 86' lang='lat' dir='ltr'>pauci</span> <span class='ocrx_word' id='word_1_191' title='bbox 1467 3515 1551 3598; x_wconf 82' lang='lat' dir='ltr'>sitis,</span> 
     </span>
     <span class='ocr_line' id='line_1_24' title="bbox 438 3643 1553 3733; baseline -0.004 -21"><span class='ocrx_word' id='word_1_192' title='bbox 438 3645 529 3715; x_wconf 85' lang='lat' dir='ltr'>volui</span> <span class='ocrx_word' id='word_1_193' title='bbox 555 3664 760 3733; x_wconf 87' lang='lat' dir='ltr'>essequam</span> <span class='ocrx_word' id='word_1_194' title='bbox 786 3643 1122 3726; x_wconf 83' lang='lat' dir='ltr'>coniunctissimos&#39;&#39;‚</span> <span class='ocrx_word' id='word_1_195' title='bbox 1147 3643 1381 3732; x_wconf 84' lang='lat' dir='ltr'>suspicionem</span> <span class='ocrx_word' id='word_1_196' title='bbox 1409 3648 1553 3709; x_wconf 85' lang='lat' dir='ltr'>movent</span> 
     </span>
     <span class='ocr_line' id='line_1_25' title="bbox 435 3764 1553 3855; baseline -0.004 -19"><span class='ocrx_word' id='word_1_197' title='bbox 435 3768 490 3837; x_wconf 90' lang='lat' dir='ltr'>vel</span> <span class='ocrx_word' id='word_1_198' title='bbox 531 3769 750 3838; x_wconf 87' lang='lat' dir='ltr'>aerumnosis</span> <span class='ocrx_word' id='word_1_199' title='bbox 791 3768 859 3836; x_wconf 90' lang='lat' dir='ltr'>iilis</span> <span class='ocrx_word' id='word_1_200' title='bbox 900 3767 1118 3855; x_wconf 84' lang='lat' dir='ltr'>temporibus</span> <span class='ocrx_word' id='word_1_201' title='bbox 1152 3767 1245 3834; x_wconf 89' lang='lat' dir='ltr'>inter</span> <span class='ocrx_word' id='word_1_202' title='bbox 1279 3764 1480 3833; x_wconf 81' lang='lat' dir='ltr'>Terentiam</span> <span class='ocrx_word' id='word_1_203' title='bbox 1516 3772 1553 3831; x_wconf 90' lang='lat' dir='ltr'>et</span> 
     </span>
     <span class='ocr_line' id='line_1_26' title="bbox 435 3892 960 3974; baseline -0.004 -12"><span class='ocrx_word' id='word_1_204' title='bbox 435 3892 606 3974; x_wconf 87' lang='lat' dir='ltr'>Quintum</span> <span class='ocrx_word' id='word_1_205' title='bbox 631 3893 739 3961; x_wconf 87' lang='lat' dir='ltr'>fnisse</span> <span class='ocrx_word' id='word_1_206' title='bbox 764 3892 960 3963; x_wconf 89' lang='lat' dir='ltr'>discidium.</span> 
     </span>
    </p>

    <p class='ocr_par' dir='ltr' id='par_1_4' title="bbox 436 4015 1554 4482">
     <span class='ocr_line' id='line_1_27' title="bbox 479 4015 1553 4103; baseline -0.004 -18"><span class='ocrx_word' id='word_1_207' title='bbox 479 4016 651 4098; x_wconf 85' lang='lat' dir='ltr'>Quintum</span> <span class='ocrx_word' id='word_1_208' title='bbox 675 4017 795 4086; x_wconf 79' lang='lat' dir='ltr'>fratris</span> <span class='ocrx_word' id='word_1_209' title='bbox 817 4016 926 4085; x_wconf 85' lang='lat' dir='ltr'>rebus</span> <span class='ocrx_word' id='word_1_210' title='bbox 948 4024 1091 4084; x_wconf 90' lang='lat' dir='ltr'>strenue</span> <span class='ocrx_word' id='word_1_211' title='bbox 1115 4015 1332 4084; x_wconf 87' lang='lat' dir='ltr'>consuluisse</span> <span class='ocrx_word' id='word_1_212' title='bbox 1350 4020 1498 4103; x_wconf 87' lang='lat' dir='ltr'>apparet</span> <span class='ocrx_word' id='word_1_213' title='bbox 1510 4033 1553 4081; x_wconf 86' lang='lat' dir='ltr'>ex</span> 
     </span>
     <span class='ocr_line' id='line_1_28' title="bbox 436 4139 1552 4230; baseline -0.003 -21"><span class='ocrx_word' id='word_1_214' title='bbox 436 4143 637 4210; x_wconf 88' lang='lat' dir='ltr'>narratione</span> <span class='ocrx_word' id='word_1_215' title='bbox 658 4143 764 4211; x_wconf 89' lang='lat' dir='ltr'>nnius</span> <span class='ocrx_word' id='word_1_216' title='bbox 783 4162 824 4210; x_wconf 88' lang='lat' dir='ltr'>ex</span> <span class='ocrx_word' id='word_1_217' title='bbox 847 4141 973 4230; x_wconf 82' lang='lat' dir='ltr'>pugnis</span> <span class='ocrx_word' id='word_1_218' title='bbox 985 4141 1053 4208; x_wconf 87' lang='lat' dir='ltr'>illis</span> <span class='ocrx_word' id='word_1_219' title='bbox 1066 4140 1275 4224; x_wconf 81' lang='lat' dir='ltr'>forensibus,</span> <span class='ocrx_word' id='word_1_220' title='bbox 1299 4160 1370 4229; x_wconf 91' lang='lat' dir='ltr'>qna</span> <span class='ocrx_word' id='word_1_221' title='bbox 1387 4159 1493 4224; x_wconf 85' lang='lat' dir='ltr'>„cum</span> <span class='ocrx_word' id='word_1_222' title='bbox 1508 4139 1552 4207; x_wconf 85' lang='lat' dir='ltr'>ad</span> 
     </span>
     <span class='ocr_line' id='line_1_29' title="bbox 440 4265 1553 4356; baseline -0.004 -22"><span class='ocrx_word' id='word_1_223' title='bbox 440 4267 559 4335; x_wconf 85' lang='lat' dir='ltr'>fratris</span> <span class='ocrx_word' id='word_1_224' title='bbox 586 4267 737 4336; x_wconf 87' lang='lat' dir='ltr'>salntem</span> <span class='ocrx_word' id='word_1_225' title='bbox 761 4287 782 4334; x_wconf 88' lang='lat' dir='ltr'>a</span> <span class='ocrx_word' id='word_1_226' title='bbox 803 4265 933 4356; x_wconf 90' lang='lat' dir='ltr'>populo</span> <span class='ocrx_word' id='word_1_227' title='bbox 946 4265 1105 4334; x_wconf 84' lang='lat' dir='ltr'>Romano</span> <span class='ocrx_word' id='word_1_228' title='bbox 1117 4265 1376 4354; x_wconf 86' lang='lat' dir='ltr'>deprecandam</span> <span class='ocrx_word' id='word_1_229' title='bbox 1392 4265 1553 4346; x_wconf 87' lang='lat' dir='ltr'>venisset,</span> 
     </span>
     <span class='ocr_line' id='line_1_30' title="bbox 437 4384 1554 4482; baseline -0.004 -22"><span class='ocrx_word' id='word_1_230' title='bbox 437 4390 559 4482; x_wconf 85' lang='lat' dir='ltr'>pulsus</span> <span class='ocrx_word' id='word_1_231' title='bbox 593 4411 612 4460; x_wconf 90' lang='lat' dir='ltr'>e</span> <span class='ocrx_word' id='word_1_232' title='bbox 646 4384 768 4460; x_wconf 88' lang='lat' dir='ltr'>rostris</span> <span class='ocrx_word' id='word_1_233' title='bbox 802 4391 838 4459; x_wconf 95' lang='lat' dir='ltr'>in</span> <span class='ocrx_word' id='word_1_234' title='bbox 873 4391 1015 4464; x_wconf 90' lang='lat' dir='ltr'>comitio</span> <span class='ocrx_word' id='word_1_235' title='bbox 1050 4390 1158 4459; x_wconf 88' lang='lat' dir='ltr'>iacuit</span> <span class='ocrx_word' id='word_1_236' title='bbox 1180 4408 1287 4478; x_wconf 88' lang='lat' dir='ltr'>seque</span> <span class='ocrx_word' id='word_1_237' title='bbox 1312 4409 1493 4458; x_wconf 86' lang='lat' dir='ltr'>servorum</span> <span class='ocrx_word' id='word_1_238' title='bbox 1518 4393 1554 4456; x_wconf 85' lang='lat' dir='ltr'>et</span> 
     </span>
    </p>
   </div>
   <div class='ocr_carea' id='block_1_3' title="bbox 0 0 1905 5486">
    <p class='ocr_par' dir='ltr' id='par_1_5' title="bbox 0 0 1905 5486">
     <span class='ocr_line' id='line_1_31' title="bbox 0 0 1905 5486; baseline 0 0"><span class='ocrx_word' id='word_1_239' title='bbox 0 0 1905 5486; x_wconf 95' lang='lat' dir='ltr'> </span> 
     </span>
    </p>
   </div>
  </div>
 </body>
</html>
