3778 5488
972 707 1038 776 178

441 913 541 982 novis
576 910 767 999 designatis
802 907 969 996 (Lentulo
1003 926 1050 975 sc.
1082 911 1118 974 et
1143 905 1310 994 Metello),
1334 925 1415 975 cum
1440 925 1563 974 omnes

441 1037 523 1106 boni
548 1055 687 1105 omnem
713 1054 812 1123 spem
838 1033 991 1101 melioris
1014 1040 1128 1100 status
1151 1032 1186 1100 in
1211 1051 1335 1100 eorum
1361 1030 1463 1098 tidem
1478 1051 1562 1099 oon-

443 1161 638 1243 vertissent,
663 1160 826 1248 princeps
849 1158 885 1227 P.
912 1157 1082 1226 Lentulus
1104 1159 1314 1226 auctoritate
1334 1177 1376 1225 ac
1388 1156 1562 1224 sententia

441 1307 516 1365 sua,
545 1284 669 1353 Pisone
693 1290 728 1351 et
753 1283 902 1353 Gabinio
926 1282 1216 1372 repugnantibus
1240 1301 1383 1351 oausam
1408 1281 1563 1369 suscepit

440 1408 664 1499 tribunisque
700 1408 812 1498 plebis
846 1415 925 1477 octo
960 1408 1197 1476 referentibus
1221 1407 1561 1496 praestantissimam

442 1532 486 1600 de
511 1555 566 1602 me
591 1535 802 1602 sententiam
823 1533 976 1602 dixit...
1001 1533 1157 1602 Veniunt
1168 1531 1346 1600 Kalendae
1359 1531 1561 1599 Ianuariae:

444 1679 503 1726 vos
529 1659 614 1726 baec
638 1658 765 1727 melius
788 1659 877 1728 scire
900 1659 1056 1747 potestis,
1080 1657 1243 1747 equidem
1270 1655 1390 1725 audita
1407 1657 1495 1736 dico,
1510 1706 1517 1724 .
1531 1706 1561 1723 ..

442 1802 533 1871 quae
567 1785 675 1872 (tum)
714 1783 823 1851 virtus
857 1785 948 1852 actio
983 1783 1138 1873 gravitas
1173 1781 1209 1849 Ρ.
1246 1780 1384 1850 Lentuli
1409 1779 1563 1850 consulis

441 1906 581 1975 fuerit.'’
607 1907 674 1994 (Cf.
699 1908 742 1975 ad
768 1908 838 1977 Att.
864 1907 912 1975 111
936 1907 990 1987 26,
1016 1908 1078 1976 Dio
1100 1906 1206 1996 39.6).
1230 1945 1273 1956 -

486 2028 574 2099 Cum
618 2031 767 2100 Lentulo
809 2053 840 2100 a.
880 2031 923 2099 57
959 2032 1081 2101 consul
1116 2038 1192 2100 erat
1227 2031 1267 2112 Q.
1302 2031 1563 2101 Caecilius

445 2154 657 2224 Metellus
682 2155 837 2246 Nepos,
861 2157 933 2245 qui,
958 2157 1139 2226 nobilitate
1162 2157 1301 2246 generis
1323 2157 1417 2225 inter
1439 2175 1564 2224 omnes

441 2279 616 2349 excellens
647 2280 707 2348 sed
732 2281 899 2370 Pompeio
922 2281 1094 2361 addictus
1118 2281 1278 2351 Ciceroni
1303 2281 1387 2350 dum
1412 2281 1562 2369 optima-

441 2404 530 2472 tium
565 2404 723 2493 partibus
754 2404 905 2486 favebat,
937 2407 1202 2475 inimicissimus
1233 2405 1360 2473 luerat.
1384 2403 1563 2472 Tribunus

442 2526 553 2617 plebis
576 2549 607 2597 a.
631 2527 676 2597 63
698 2529 901 2599 Ciceronem
928 2532 1159 2619 „magistratu
1180 2530 1368 2599 abeuntem
1390 2528 1563 2598 contionis

441 2653 625 2721 habendae
655 2661 825 2742 potestate
851 2654 1001 2742 privavit
1024 2652 1084 2741 (ad
1109 2653 1132 2720 f.
1159 2653 1188 2722 V
1210 2652 1313 2739 2.7).’'
1338 2653 1459 2722 Cicero
1483 2662 1561 2721 tan·

442 2784 518 2846 tum
563 2779 709 2847 vanitati
744 2777 915 2847 inllictum
955 2777 1081 2846 vulnus
1114 2778 1267 2846 inultum
1304 2799 1374 2846 non
1413 2778 1495 2847 sivit
1527 2784 1563 2845 et

443 2903 514 2987 „sic
549 2923 630 2971 cum
667 2923 708 2970 eo
743 2901 787 2970 de
811 2923 848 2970 rc
873 2902 1014 2990 publica
1038 2903 1240 2993 disputavit,
1266 2911 1305 2974 ut
1328 2905 1474 2974 sentiret
1497 2902 1562 2972 sibi

442 3047 524 3096 cum
550 3028 623 3095 viro
648 3027 729 3096 lorti
752 3034 788 3095 et
812 3028 987 3096 constanti
1010 3047 1086 3096 esso
1113 3028 1342 3118 pugnandum
1366 3029 1425 3114 (ib.
1451 3028 1469 3118 5
1491 3027 1562 3118 8).”

445 3150 606 3220 Metellus
636 3158 754 3219 autom
780 3171 861 3220 curn
887 3172 956 3219 non
982 3152 1157 3221 desineret
1179 3174 1261 3221 eum
1286 3173 1463 3232 accusare,
1483 3174 1563 3222 ora-

442 3277 573 3345 tionem
608 3277 643 3343 in
679 3297 762 3344 eum
797 3277 936 3366 scripsit
972 3276 1187 3345 Metellinam
1224 3277 1283 3364 (ad
1319 3277 1392 3346 Au.
1420 3275 1562 3364 1135),

443 3401 543 3469 cuius
578 3399 748 3468 nonnulla
781 3401 982 3488 fragmenta
1016 3409 1156 3470 servata
1189 3407 1281 3470 sunt.
1318 3402 1503 3472 Contentio
1526 3402 1562 3468 in

443 3525 517 3592 dies
540 3525 655 3593 acrior
679 3524 771 3592 lacta
795 3532 960 3593 eventum
988 3525 1121 3610 babuit,
1145 3533 1185 3594 ut
1210 3526 1372 3595 Metellus
1396 3527 1439 3594 ad
1458 3525 1562 3594 Pom·

443 3650 561 3736 peium
586 3667 622 3716 se
646 3649 835 3717 contulerit
858 3649 937 3737 (Dio
961 3649 1061 3718 3742
1084 3652 1162 3740 sq.).
1188 3651 1255 3720 Sed
1269 3650 1562 3740 proptereaquod

445 3772 632 3861 Pompeius
653 3772 790 3842 Muciae
804 3773 936 3842 Metelli
957 3776 1066 3843 sorori
1081 3745 1246 3842 nuntium
1262 3776 1356 3844 misit
1369 3774 1448 3862 (Dio
1461 3795 1491 3844 c.
1503 3774 1563 3863 49)

443 3903 478 3964 et
501 3896 650 3965 fortasse
674 3897 760 3965 alias
783 3919 924 3988 quoque
948 3899 992 3967 ob
1016 3919 1141 3967 causas
1167 3899 1328 3967 Metellus
1351 3919 1373 3967 a
1397 3898 1563 3988 Pompeio

443 4021 663 4089 abalienatus
689 4028 753 4091 est.
779 4022 907 4091 Odium
932 4030 1051 4091 autem
1077 4025 1112 4090 in
1137 4023 1297 4093 Clodium
1311 4029 1347 4092 et
1358 4023 1563 4093 triumviros

443 4145 503 4232 (ad
539 4146 610 4214 Att.
647 4146 679 4214 ΙΙ
714 4145 805 4232 tan)
840 4146 966 4230 effecit,
1003 4153 1042 4215 ut
1066 4146 1226 4217 Ciceroni
1250 4149 1563 4238 appropinquaret.

444 4268 510 4349 Qui
545 4268 590 4339 ab
623 4271 709 4340 urbe
733 4272 860 4340 absens
883 4273 1040 4340 animum
1066 4273 1142 4342 eius
1168 4279 1343 4342 mutatum
1369 4273 1482 4362 primo
1501 4293 1561 4341 ne·

444 4393 586 4478 sciebat,
622 4415 704 4463 nam
740 4395 920 4465 consulem
946 4396 1168 4485 designatum
1193 4397 1375 4466 inimicum
1399 4397 1465 4465 sibi
1488 4417 1564 4465 esse
