3778 5488
974 669 1042 740 236

446 874 530 936 suut
561 889 632 936 non
662 869 733 937 iam
764 869 808 936 ad
830 868 1040 939 medicinam
1063 870 1124 938 sed
1148 870 1192 940 ad
1214 871 1321 940 finem
1346 871 1476 939 doloris
1498 871 1566 958 (Gl.

447 1011 510 1081 pro
545 991 706 1062 Cluentio
740 991 823 1061 lll:
859 991 950 1072 Quid
985 994 1089 1083 eripit
1126 1014 1221 1063 mors
1252 1002 1393 1085 praeter
1423 1015 1565 1064 sensum

446 1116 611 1202 doloris‘l)
634 1116 695 1203 (ad
719 1117 792 1186 Att.
815 1116 864 1184 lll
887 1116 968 1206 72).
989 1118 1026 1186 lu
1043 1117 1136 1187 hunc
1151 1131 1340 1189 mecasu'm
1356 1140 1416 1188 vos
1429 1120 1567 1189 vivendi

446 1247 609 1311 auctores
640 1242 829 1332 impulistis
859 1237 1080 1331 (9.l).'Quod
1110 1245 1243 1334 optimo
1266 1251 1426 1333 tempore
1450 1246 1567 1314 lacere

447 1387 515 1436 non
552 1367 661 1451 licuit,
694 1368 811 1435 minus
840 1366 967 1436 idoneo
991 1367 1050 1436 fiet
1073 1369 1134 1454 (ib.
1157 1368 1175 1460 ἓ
1198 1369 1247 1457 2).
1274 1369 1329 1438 Me
1354 1391 1374 1438 a
1398 1376 1432 1438 te
1458 1369 1567 1439 videri

446 1491 560 1561 uolui.
575 1543 583 1559 .
598 1545 605 1562 .
620 1545 627 1561 .
642 1492 802 1561 uidisses.
817 1541 824 1557 .
839 1542 846 1558 .
861 1545 868 1560 .
882 1492 1061 1579 quandam
1076 1492 1229 1584 effigiem
1243 1494 1410 1582 spirantis
1423 1495 1565 1563 mortui.

446 1617 563 1707 Atque
587 1618 723 1686 utinam
751 1635 805 1685 me
830 1609 1011 1685 mortuum
1038 1618 1136 1707 pn'us
1161 1618 1566 1687 vidissesautaudissesl

446 1741 589 1811 Utinam
621 1749 656 1811 te
684 1762 753 1810 non
779 1740 892 1808 solum
920 1741 1022 1825 vites,
1046 1742 1105 1809 sed
1130 1743 1238 1812 etiam
1263 1733 1444 1831 dignitatis
1468 1761 1567 1811 meae

446 1865 673 1956 superstitem
700 1863 938 1955 reliquissem!
964 1862 1031 1935 Sed
1056 1872 1167 1937 testor
1188 1887 1313 1936 omues
1335 1867 1566 1938 deosmehac

447 2012 519 2059 una
542 2011 626 2062 voce
650 2011 671 2058 a
694 1985 817 2058 morte'
831 2009 907 2058 esse
931 1997 1146 2072 revocatum,
1171 1992 1263 2080 quod
1288 2013 1411 2061 omues
1427 1993 1462 2061 in
1489 2013 1567 2061 mea

447 2116 519 2184 vita
543 2121 679 2205 partem
704 2114 858 2204 aliquam
884 2121 966 2184 luae
990 2116 1081 2184 vitae
1095 2109 1283 2204 repositum
1296 2137 1373 2186 esse
1385 2116 1565 2187 dicebant:

446 2261 518 2329 qua
552 2259 591 2308 re
630 2240 771 2328 peccavi
806 2241 1044 2330 scelerateque
1078 2241 1156 2310 leci.
1185 2241 1275 2310 Nam
1300 2243 1328 2310 si
1352 2242 1567 2326 occidissem,

447 2385 542 2436 mors
584 2365 662 2455 ipsa
704 2385 818 2432 meam
856 2365 1023 2453 pietatem
1058 2385 1288 2456 amoremque
1322 2367 1358 2435 in
1395 2373 1429 2435 te
1465 2367 1567 2438 lacile

446 2488 650 2557 defenderet
684 2488 744 2576 (ad
770 2487 808 2568 Q.
833 2487 877 2557 fr.
902 2487 991 2558 13.l
1017 2489 1096 2579 sq).
1120 2489 1193 2578 Ego
1216 2497 1348 2575 tamen,
1373 2490 1566 2580 quamdiu

446 2614 508 2682 tibi
534 2634 624 2702 opus
646 2614 725 2695 erit,
737 2614 766 2681 si
778 2614 863 2702 quid
877 2614 1023 2702 periculi
1036 2615 1261 2684 subeundum
1275 2615 1418 2694 videbis,
1433 2617 1566 2700 vivam3

446 2738 578 2807 diutius
601 2739 636 2806 in
662 2737 728 2807 hac
753 2739 823 2806 uita
842 2757 918 2806 esse
931 2759 1002 2807 non
1016 2758 1177 2827 possum:
1190 2759 1305 2830 neque
1319 2741 1411 2809 enim
1425 2745 1564 2809 tautum

448 2863 573 2931 virium
600 2861 705 2930 habet
728 2861 799 2930 ulla
822 2869 884 2930 aut
907 2862 1096 2950 prudentia
1112 2862 1356 2944 autdoctriua
1373 2869 1563 2932 sitientum

444 2987 601 3056 dolorem
623 2987 730 3077 possit
749 2987 923 3055 sustinere
936 2985 1216 3071 (Fratcrueeum
1229 2988 1403 3056 consolari
1415 2996 1565 3058 conatus

445 3119 498 3182 est
521 3112 704 3182 recensitis
727 3111 1003 3180 clarissimorum
1029 3112 1184 3180 virorum
1211 3113 1379 3200 patientia
1401 3121 1437 3182 et
1453 3112 1564 3202 philo-

445 3236 637 3324 sophorum
663 3235 705 3303 de
728 3235 911 3304 tolerando
936 3235 1054 3304 dolore
1080 3237 1276 3325 praeceptis
1287 3237 1330 3326 l).
1354 3237 1433 3307 Scio
1458 3237 1566 3307 luisse

445 3370 480 3430 et
518 3360 697 3430 honestius
733 3359 904 3428 moriendi
938 3367 1080 3449 tempus
1103 3365 1138 3428 et
1161 3359 1371 3430 utilius...
1398 3382 1461 3430 nec
1487 3361 1563 3431 lieri

445 3490 570 3576 potest,
607 3505 661 3552 me
695 3484 840 3566 diutius,
863 3504 970 3572 quam
995 3490 1058 3553 aut
1081 3491 1183 3553 tuum
1208 3490 1349 3574 tempus
1373 3492 1436 3554 aut
1461 3485 1564 3555 firma

444 3630 524 3699 spes
549 3607 748 3698 postulabit,
772 3609 808 3676 iu
834 3615 906 3676 tem
932 3609 1060 3676 misera
1083 3613 1228 3699 tamque
1251 3611 1348 3700 turpi
1374 3611 1444 3679 vita
1468 3631 1563 3681 com·

447 3735 576 3804 morari
598 3734 660 3823 (ib.
684 3733 702 3824 ἕ
724 3734 747 3802 5
769 3733 847 3823 sq).
871 3732 934 3803 Hic
948 3740 1068 3802 utrum
1082 3735 1225 3803 tandem
1239 3755 1318 3803 sum
1332 3736 1563 3820 accusandus,

446 3860 540 3952 quod
565 3860 676 3943 doleo,
700 3880 756 3936 au,
781 3857 873 3947 quod
898 3859 1058 3928 commisi
1082 3866 1122 3927 ut
1147 3858 1231 3928 haec
1246 3912 1253 3927 .
1269 3913 1276 3928 .
1292 3911 1321 3929 ..
1347 3867 1442 3930 certe
1467 3860 1567 3929 uirus

446 4006 514 4053 non
559 3984 783 4052 amitterem?
825 3983 884 4068 (ad
923 3985 997 4052 Act.
1032 3983 1079 4051 lll
1114 3982 1209 4068 l0.2;
1244 3984 1342 4054 locus
1378 3990 1567 4072 corruptus

447 4108 661 4200 [Tyrrell]
696 4116 759 4177 aut
781 4110 1007 4197 neglegenter
1030 4109 1182 4197 scriptus
1207 4106 1377 4199 [Boot].)
1402 4107 1480 4177 Scio
1504 4126 1568 4176 nos

449 4235 577 4302 nostris
601 4233 721 4302 multis
746 4235 897 4322 peccatis
921 4234 955 4300 in
983 4233 1074 4302 hanc
1097 4253 1307 4301 aerumnam
1330 4230 1511 4302 incidisse:
1525 4252 1568 4300 ea

445 4359 474 4426 si
509 4359 569 4448 qui
593 4377 696 4428 casus
720 4358 838 4448 aliqua
861 4379 904 4427 ex
928 4365 1029 4447 parte
1051 4358 1253 4440 correxerit,
1280 4358 1397 4426 miuus
1423 4356 1567 4426 moleste
