3792 5486
1002 741 1062 808 tls

466 938 509 1006 de
538 937 656 1006 animo
681 956 744 1004 suo
768 941 868 1024 grato
892 937 1112 1006 innotescere
1139 935 1285 1019 volebat,
1310 937 1344 1004 in
1368 935 1586 1004 orationibus

464 1061 630 1150 legimus3
665 1081 756 1150 quae
791 1081 916 1128 revera
949 1061 999 1130 illi
1035 1061 1275 1150 praestiterint
1309 1081 1351 1128 ex
1386 1067 1583 1150 temporum

466 1186 620 1264 historia,
644 1186 773 1274 partim
798 1184 844 1253 ab
864 1186 938 1275 ipso
952 1187 1118 1255 Cicerone
1132 1185 1245 1254 obiter
1257 1185 1397 1270 tradita,
1411 1187 1584 1254 novimus.

467 1309 637 1393 Ouidio,
661 1311 823 1398 quamvis
849 1311 992 1378 minime
1017 1309 1160 1398 ignobili
1184 1313 1260 1379 loco
1284 1317 1378 1391 nato,
1403 1308 1586 1398 longealia

465 1434 623 1503 condicio
658 1441 745 1502 erat.
780 1434 832 1502 llli
869 1455 984 1522 neque
1020 1436 1054 1502 in
1093 1455 1130 1502 11
1165 1433 1307 1523 publica
1336 1435 1490 1524 gerenda
1515 1434 1586 1502 ulla

463 1560 655 1628 auctoritas
689 1565 765 1626 erat
799 1579 915 1647 neque
951 1579 1031 1648 spes
1064 1559 1135 1627 ulla
1174 1558 1298 1627 salutis
1321 1560 1387 1627 nisi
1412 1580 1455 1627 ex
1481 1560 1586 1627 unius

466 1684 634 1773 principis
669 1683 917 1752 misericordia.
954 1684 1054 1752 Hanc
1089 1684 1197 1772 igitur
1221 1689 1261 1751 ut
1284 1689 1427 1772 captent
1453 1683 1585 1753 amicos

467 1814 595 1892 monet,
631 1809 691 1897 qui
727 1815 961 1896 tyrannorum
998 1815 1094 1876 metu
1127 1807 1283 1876 nondum
1318 1813 1394 1875 orto
1418 1827 1461 1874 cx
1486 1814 1585 1896 parte

466 1932 589 2001 saltem
627 1931 746 2000 fideles
780 1937 903 2019 poetae
933 1938 1207 2020 permanserunt
1230 1939 1266 2000 et
1289 1940 1367 2021 post
1391 1952 1584 2020 paucorum

466 2077 641 2126 annorum
665 2056 890 2124 intervallum
913 2057 1047 2124 litteras
1060 2056 1104 2124 ab
1116 2056 1247 2125 infelici
1260 2056 1362 2124 exule
1375 2057 1583 2126 nominatim

466 2182 566 2250 datas
599 2202 704 2249 nemo
739 2180 812 2248 1111
849 2180 1043 2250 recusabat.
1080 2180 1270 2269 Epistulae,
1306 2182 1433 2271 partim
1459 2180 1503 2249 ad
1526 2200 1586 2249 eos

467 2306 579 2385 datae,
610 2326 763 2395 quorum
789 2307 953 2386 „nomina
978 2305 1127 2395 111ιὲ11η
1151 2311 1274 2394 poetae
1299 2307 1404 2375 exitio
1429 2307 1584 2390 11111111,

466 2430 527 2499 sed
547 2430 677 2518 quibus
691 2431 895 2520 praesertim
909 2450 989 2518 spes
1001 2431 1076 2498 eius
1090 2432 1225 2510 nititur,
1239 2432 1367 2519 partim
1381 2430 1423 2498 ad
1438 2429 1584 2514 sodales,

467 2576 487 2622 a
510 2555 639 2643 quibus
662 2555 832 2623 auxilium
857 2575 927 2624 non
949 2561 1140 2645 exspectat,
1164 2556 1223 2624 sed
1248 2555 1403 2625 amicum
1425 2555 1583 2622 animum

466 2679 532 2766 (Of.
569 2679 699 2748 Owen
735 2679 749 2747 l
785 2701 817 2769 p.
855 2680 996 2769 XXIX),
1032 2701 1155 2749 omnes
1189 2702 1225 2748 m
1261 2680 1443 2769 publicum
1467 2679 1585 2769 prodi·

466 2810 569 2872 turae
604 2811 724 2888 erant;
761 2805 863 2874 facile
899 2807 1006 2895 igitur
1040 2805 1221 2875 intellectu
1251 2812 1314 2888 est,
1339 2803 1461 2873 laudes
1483 2805 1520 2872 in
1545 2804 1586 2870 iis

467 2928 580 2998 multo
619 2930 788 2997 maiorem
832 2930 961 2999 habere
1004 2930 1121 3000 locum
1157 2950 1264 3018 quam
1300 2929 1585 3018 vituperationes

468 3055 530 3120 bas
578 3060 708 3137 autem,
756 3054 816 3121 ubi
860 3053 1074 3139 inferuntur,
1124 3052 1238 3121 verbis
1280 3053 1468 3121 lenissimis
1509 3071 1585 3119 esse

466 3197 658 3266 expressas
692 3177 769 3247 Non
803 3179 947 3246 omnino
971 3187 1089 3246 tamen
1114 3197 1174 3245 eas
1198 3176 1319 3245 abesse
1342 3184 1377 3245 et
1402 3175 1526 3244 Ovidio
1550 3181 1585 3242 et

466 3302 673 3392 aequalibus
697 3323 789 3387 „non
814 3303 939 3371 ultima
963 3301 1040 3371 laus
1063 3302 1148 3386 est,’'
1171 3302 1371 3372 Senecae
1397 3321 1477 3369 vero
1508 3321 1585 3368 sae·

467 3426 546 3497 culo
572 3428 715 3495 minime
740 3428 937 3512 tribuenda,
962 3449 1044 3496 cum
1059 3449 1148 3496 vana
1160 3429 1267 3496 etiam
1281 3426 1414 3516 species
1428 3424 1585 3492 veritatis

467 3551 709 3642 libertatisque
751 3553 951 3621 evanuisset
994 3572 1109 3639 neque
1144 3553 1332 3641 quisquam
1367 3549 1586 3618 inveniretur

467 3675 553 3764 quin
577 3676 605 3743 si
629 3674 741 3743 exulis
764 3676 899 3744 amicus
923 3676 1062 3744 audiret
1085 3676 1281 3764 periculum
1307 3676 1371 3744 sibi
1401 3679 1585 3744 metueret.

469 3799 545 3868 Non
581 3800 690 3890 igitur
724 3800 835 3869 honor
865 3800 934 3885 ille,
966 3822 1071 3889 quem
1096 3801 1141 3868 ab
1169 3800 1293 3869 Ovidio
1317 3800 1466 3869 subinde
1490 3806 1585 3888 pete-

468 3923 563 4009 bant,
588 3931 627 3993 ut
650 3924 801 4013 epistula
825 3926 960 4013 poetica
983 3925 1259 4008 celebrarentur,
1283 3925 1438 3995 Senecae
1462 3924 1586 3992 amicis

466 4055 566 4118 tutus
600 4049 734 4118 luisset.
768 4049 891 4138 ltaque
927 4048 1059 4119 Seneca
1093 4051 1239 4118 uomina
1270 4051 1375 4119 etiam
1414 4049 1587 4117 —solius

467 4173 580 4263 Crispi
604 4173 751 4243 fortasse
775 4181 920 4263 excepto
946 4215 985 4223 --
1007 4175 1131 4244 reticet
1142 4186 1249 4263 atque
1263 4175 1336 4243 1111
1349 4175 1472 4244 credas
1487 4193 1586 4242 versa

468 4298 611 4366 fortuna
645 4300 777 4368 amicos
811 4299 855 4366 ad
888 4320 998 4386 unum
1034 4321 1155 4369 omnes
1179 4321 1261 4369 cum
1286 4299 1495 4382 destituisse,
1519 4296 1586 4364 nisi

469 4421 640 4491 Martialis
663 4425 769 4492 unius
792 4425 896 4493 amici
922 4427 1127 4494 memoriam
1148 4428 1399 4510 conservasset,
1414 4423 1579 4513 quiprin·
