3792 5486
860 706 927 774 119

331 909 384 972 est
407 904 469 992 (ib.
493 902 617 989 17.1).”
641 905 801 973 Fratrem
825 908 943 972 autern
968 904 1084 992 ipsum
1107 908 1146 972 ut
1157 903 1249 972 bono
1262 904 1380 972 animo
1392 904 1447 987 sit,

332 1028 558 1097 adhortatur:
583 1028 719 1112 „Nunc,
743 1029 773 1097 si
793 1034 903 1118 potes,
914 1027 950 1094 id
963 1027 1056 1116 quod
1069 1049 1145 1117 ego,
1161 1028 1223 1116 qui
1234 1028 1297 1096 tibi
1309 1047 1449 1117 semper

333 1152 433 1222 sortis
455 1151 610 1237 videbar,
634 1173 704 1220 non
729 1172 883 1242 possum,
907 1153 1002 1241 erige
1025 1160 1059 1221 te
1083 1158 1119 1221 et
1141 1151 1323 1234 confirma,
1336 1152 1364 1220 si
1377 1173 1448 1242 qua

333 1276 517 1347 subeunda
540 1276 718 1346 dimicatio
741 1279 825 1346 erit:
850 1298 963 1367 spero,
988 1278 1014 1346 si
1040 1277 1124 1368 quid
1149 1297 1228 1345 mea
1250 1297 1329 1367 spes
1342 1277 1449 1346 habet

333 1402 564 1484 auctoritatis,
583 1401 647 1470 tibi
668 1408 704 1470 et
727 1403 965 1490 integritatem
989 1409 1088 1471 tuam
1113 1409 1149 1471 et
1167 1422 1324 1471 amorem
1348 1403 1384 1472 in
1413 1409 1447 1471 te

333 1527 485 1596 civitatis
506 1533 542 1595 et
564 1525 697 1616 aliquid
720 1527 827 1595 etiam
853 1526 1126 1597 misericordiam
1151 1529 1261 1596 nostri
1285 1527 1449 1616 praesidii

333 1650 506 1734 laturam,
530 1650 582 1718 sin
607 1653 678 1719 eris
701 1650 746 1719 ab
769 1651 838 1720 isto
862 1651 1018 1742 periculo
1043 1669 1185 1731 vacuus,
1209 1671 1292 1740 ages
1307 1651 1449 1736 scilicet,

335 1776 363 1843 si
395 1775 479 1864 quid
516 1775 572 1864 agi
606 1795 707 1865 posse
742 1775 785 1843 de
820 1774 921 1844 nobis
955 1774 1095 1864 putabis
1118 1774 1177 1863 (ad
1201 1773 1241 1855 Q.
1266 1775 1309 1843 fr.
1333 1774 1449 1864 135).

335 1899 394 1969 Sin
430 1905 466 1968 te
500 1920 641 1989 quoque
673 1899 805 1968 inimici
842 1919 967 1967 vexare
1002 1899 1192 1987 coeperint,
1217 1919 1261 1966 ne
1284 1901 1450 1984 cessaris3

335 2025 523 2093 nonenim
548 2024 673 2114 gladiis
696 2031 824 2108 tecum,
849 2024 908 2092 sed
934 2022 1054 2092 litibus
1076 2029 1201 2111 agetur
1213 2023 1333 2112 (4.5).”
1358 2023 1450 2093 Atti·

335 2169 429 2233 cum,
465 2156 504 2219 ut
532 2151 563 2219 ei
589 2158 728 2242 praesto
752 2151 808 2234 sit,
831 2154 948 2236 rogat:
973 2146 1165 2232 „Quintum
1190 2148 1336 2216 fratrem
1361 2149 1453 2238 opti·

336 2294 434 2342 mum
470 2275 836 2363 humanissimumque
860 2271 1100 2358 sustentant
1125 2272 1197 2341 Att.
1221 2272 1269 2340 111
1293 2272 1380 2342 tw.
1400 2272 1452 2342 of.

335 2397 440 2487 193).
475 2398 647 2480 Quintum
683 2400 829 2468 fratrem
865 2417 984 2466 meum
1020 2397 1076 2466 lac
1098 2396 1233 2485 diligas,
1258 2417 1364 2486 quern
1388 2417 1453 2486 ego

337 2524 443 2592 miser
466 2525 495 2592 si
518 2523 731 2593 incolumem
756 2523 927 2611 relinquo,
952 2542 1021 2590 nou
1047 2542 1103 2589 me
1123 2526 1237 2590 totum
1249 2523 1382 2611 perisse
1395 2542 1453 2590 ar-

336 2647 493 2717 bitrabor
515 2647 576 2734 (ib.
599 2646 725 2736 13.2).‘’

380 2773 539 2841 Fratrem
553 2773 699 2842 Romam
712 2773 937 2842 festinantem
953 2771 1068 2839 videre
1081 2792 1150 2838 non
1166 2770 1250 2856 vult,
1263 2771 1451 2841 neluctum

336 2898 560 2987 conduplicet
594 2919 681 2966 neve
716 2899 907 2967 adventum
942 2899 1019 2966 eius
1042 2897 1207 2982 retardet,
1232 2918 1451 2987 quamquam

337 3021 442 3090 aliam
472 3043 616 3091 causam
648 3023 758 3092 frater
780 3023 980 3112 suspicatus
1001 3041 1077 3090 esse
1102 3021 1257 3090 videtur:
1284 3021 1452 3106 „Dubita-

338 3147 469 3215 tionem
493 3152 612 3216 autem
630 3147 673 3215 de
690 3148 795 3237 Epiro
809 3168 877 3216 non
891 3147 1128 3216 inconstantia
1141 3153 1261 3216 nostra
1272 3146 1454 3226 afferebat,

338 3271 397 3339 sed
430 3272 523 3361 quod
548 3272 591 3340 de
615 3271 734 3356 fratre,
759 3270 820 3339 ubi
841 3292 925 3340 cum
950 3272 1058 3339 visuri
1081 3291 1249 3356 essemus
1273 3271 1455 3340 nescieba-

340 3417 435 3481 mus;
460 3416 565 3485 quem
586 3397 729 3486 quidem
752 3415 816 3484 ego
840 3417 905 3464 nec
930 3416 1000 3484 quo
1025 3395 1128 3464 modo
1154 3395 1293 3464 visurus
1315 3396 1456 3465 necubi

339 3521 549 3589 dimissurus
583 3523 648 3590 sim
685 3522 765 3590 scio.
798 3521 835 3588 ld
860 3528 914 3589 est
936 3521 1131 3589 maximum
1157 3528 1193 3590 et
1218 3521 1454 3589 miserrimum

341 3666 499 3715 mearum
542 3647 700 3714 omnium
738 3646 959 3714 miseriarum
995 3645 1053 3733 (ad
1091 3644 1453 3735 Att.1117.3).uum

341 3771 448 3840 malui
473 3790 662 3860 properare
685 3771 833 3839 Romam
856 3791 964 3859 quam
988 3771 1031 3838 ad
1058 3791 1113 3839 me
1127 3772 1256 3855 venire,
1270 3769 1456 3840 etsimul...

340 3897 498 3964 animum
533 3896 701 3965 inducere
736 3916 806 3964 non
840 3897 949 3984 potui,
972 3902 1013 3964 ut
1036 3895 1232 3978 antinum,
1255 3894 1457 3963 amantissi-

342 4041 437 4089 mum
464 4022 543 4106 mei,
569 4020 774 4090 mollissimo
786 4021 916 4099 animo,
928 4027 1027 4089 tanto
1039 4021 1075 4088 in
1090 4039 1248 4088 maerore
1261 4020 1455 4108 aspicerem

340 4153 402 4214 aut
422 4166 519 4216 meas
538 4146 804 4215 miseriasluctu
819 4146 968 4215 alllictas
980 4149 1015 4211 et
1027 4144 1201 4233 perditam
1214 4142 1394 4211 fortunam
1406 4141 1457 4210 illi

342 4267 1456 4360 offerremautabilloaspicipaterer(ib.9.l).Vitari(fratrem),

342 4415 386 4463 ne
411 4394 575 4481 viderem,
596 4415 640 4463 ne
652 4402 715 4464 aut
726 4395 819 4464 illius
832 4395 966 4464 luctum
980 4393 1250 4484 squaloremque
1263 4394 1456 4482 aspicerem
