3778 5488
980 761 1047 829 180

450 968 528 1033 octo
563 962 674 1031 nostri
709 959 842 1030 tribuni
878 959 939 1048 (ad
974 960 1046 1029 Att.
1081 959 1129 1028 ΙΙΙ
1163 957 1291 1048 23.3)’'‚
1325 957 1369 1026 ‘ad
1395 958 1458 1027 bos
1480 978 1572 1048 quae

450 1092 649 1176 sequuntur
682 1085 719 1153 in
755 1084 878 1153 eadem
913 1085 1065 1174 epistula
1099 1084 1132 1175 (5
1166 1083 1203 1169 4)
1239 1084 1282 1153 de
1317 1082 1392 1173 lege
1427 1085 1572 1153 anovis

449 1211 603 1280 tribunis
636 1210 793 1292 ferenda,
829 1216 881 1279 et:
917 1209 1043 1294 „Nunc
1074 1230 1153 1299 spes
1177 1209 1314 1298 reliqua
1336 1216 1389 1278 est
1412 1211 1448 1278 in
1475 1212 1573 1279 noris

449 1336 601 1405 tribunis
635 1337 747 1426 plebis
781 1335 842 1425 (ad
877 1334 901 1403 f.
937 1334 1017 1404 XIV
1051 1333 1156 1423 3.3)”.
1191 1333 1259 1403 Per
1296 1335 1401 1403 breve
1432 1341 1573 1425 tempus

449 1468 568 1530 tamen
606 1501 645 1510 -
682 1467 723 1530 ut
758 1461 906 1543 videtur,
943 1460 1072 1529 iniuria
1106 1497 1149 1508 -
1186 1460 1319 1528 veritus
1353 1466 1408 1528 est
1442 1478 1486 1527 ne
1513 1479 1573 1528 eos

448 1587 623 1655 amisisset
645 1585 704 1671 (ad
730 1586 803 1654 Att.
828 1584 952 1654 11124.
977 1581 995 1652 l
1023 1593 1059 1653 et
1081 1584 1103 1652 2
1126 1591 1232 1674 atque
1255 1585 1303 1652 ibi
1328 1584 1538 1674 Tyrrell).

495 1709 584 1779 Novi
628 1716 749 1779 autem
794 1709 929 1780 tribuni
975 1708 1134 1778 Ciceroni
1177 1708 1336 1778 faventes
1382 1709 1415 1777 hi
1451 1716 1571 1778 erant:

438 1832 487 1901 T·
524 1834 718 1902 Annius
754 1834 882 1917 Milo,
918 1832 953 1903 P.
990 1832 1201 1917 Sestius,
1225 1829 1571 1916 Q.Fabricius,

452 1958 489 2028 C.
514 1958 775 2038 Gestilius‚
802 1959 846 2028 M.
871 1957 1087 2048 Cispius,
1111 1958 1150 2028 T.
1175 1956 1571 2037 FadiusGall'ns,

451 2083 498 2152 M.
536 2082 734 2166 Curtius,
770 2082 806 2153 C.
844 2082 1037 2151 Messius
1072 2083 1345 2170 (enumerantur
1379 2103 1412 2172 p.
1437 2081 1510 2150 red.
1533 2083 1570 2150 in

450 2229 522 2277 sen.
536 2207 907 2298 19—22);adversarii
931 2206 1174 2277 Numerius
1193 2207 1411 2289 Quintius
1429 2206 1572 2275 Rufus

452 2332 512 2422 (de
547 2334 690 2402 nomine
727 2332 792 2400 vid.
831 2330 967 2400 Halm
1003 2333 1046 2400 ad
1084 2354 1147 2423 pro
1182 2333 1270 2402 Sest.
1305 2332 1365 2421 82)
1401 2338 1437 2400 et
1470 2331 1570 2401 Sex.

450 2457 623 2527 Atilius
647 2457 880 2527 Serranus.

497 2581 612 2650 Milo
647 2555 683 2650 et
717 2578 917 2651 Sestius
953 2583 987 2650 in
1024 2581 1242 2651 orationibus
1278 2581 1432 2672 plurima
1467 2581 1571 2650 laude

449 2704 677 2789 extolluntur,
714 2707 797 2794 quia
832 2707 865 2774 vi
900 2713 1006 2796 atque
1038 2708 1146 2774 armis
1170 2728 1233 2796 pro
1258 2707 1435 2777 Ciceronis
1458 2706 1571 2775 salute

452 2837 707 2919 pugnaverant,
733 2830 951 2940 Milo-audit:
976 2831 1079 2900 bomo
1099 2830 1250 2915 divinus,
1262 2831 1392 2920 insigni
1405 2827 1570 2921 quadam,

450 2953 621 3038 inaudita,
645 2975 736 3023 nova
762 2955 1002 3045 magnitudine
1016 2957 1135 3041 animi,
1149 2957 1321 3044 gravitate
1335 2955 1526 3045 praeditus.
1541 3007 1548 3023 .
1563 3005 1571 3023 .

452 3077 577 3146 vindex
599 3086 735 3146 vestrae
760 3078 897 3168 (populi
922 3080 1070 3148 Romani
1087 3080 1235 3170 scilicet)
1258 3078 1441 3164 libertatis,
1454 3083 1572 3148 custos

450 3202 575 3270 salutis
595 3202 783 3282 Ciceronis,
807 3203 1004 3271 subsidium
1026 3203 1176 3273 afflictae
1189 3203 1241 3271 rei
1254 3204 1426 3299 publicae,
1439 3203 1572 3271 exstin-

450 3333 526 3398 ctor
560 3326 743 3396 domestici
780 3325 965 3407 latrocinii,
999 3347 1180 3417 repressor
1214 3326 1331 3397 caedis
1365 3327 1571 3411 cotidianae,

451 3451 614 3520 defensor
637 3450 851 3541 templorum
872 3459 978 3542 atque
1003 3457 1188 3536 tectorum,
1214 3452 1428 3540 praesidium
1453 3452 1571 3521 curiae

450 3575 530 3664 (pro
554 3576 641 3644 Sest.
666 3577 711 3644 85
733 3582 768 3644 et
791 3575 885 3666 144),
909 3577 943 3644 in
969 3576 1129 3665 epistulis
1153 3597 1235 3645 vero
1259 3575 1318 3661 (ad
1342 3575 1382 3656 Q.
1407 3575 1450 3643 fr.
1475 3574 1572 3664 143)

449 3720 532 3770 cum
555 3698 677 3769 Curtio
697 3700 766 3788 (vel
780 3699 913 3790 Curio),
926 3700 1044 3785 Fadio,
1057 3700 1217 3770 Fabricio
1229 3701 1304 3769 sine
1316 3699 1389 3770 ullo
1401 3699 1572 3790 singulari

450 3826 582 3893 honore
598 3825 841 3913 coniungitur;
855 3824 990 3894 Sestius
1002 3831 1125 3894 contra
1140 3846 1211 3894 non
1224 3825 1338 3894 solum
1351 3826 1385 3893 in
1401 3826 1571 3910 oratione,

449 3968 520 4038 qua
543 3947 664 4017 Cicero
688 3969 770 4016 eum
790 3948 959 4033 defendit,
972 3949 1032 4016 sed
1045 3950 1152 4017 etiam
1166 3951 1201 4017 in
1214 3949 1375 4038 epistulis
1386 3947 1571 4018 laudatur:

450 4072 529 4156 „Me
553 4070 768 4162 Pomponius
791 4079 827 4140 et
850 4072 985 4142 Sestius
1008 4080 1043 4141 et
1067 4072 1146 4141 Piso
1159 4079 1279 4142 noster
1292 4073 1409 4143 adbuc
1422 4073 1572 4142 'l'bessa-

448 4199 583 4268 lonicae
607 4200 875 4267 retinuerunt..
891 4251 898 4267 .
914 4248 921 4264 .
948 4199 1008 4266 Est
1031 4197 1089 4267 ille
1116 4199 1260 4288 quidem
1272 4198 1308 4266 in
1323 4218 1379 4267 me
1392 4198 1572 4267 officiosis·

449 4325 560 4391 simus
572 4322 723 4392 Sestius.
735 4375 759 4392 ..
776 4322 827 4390 Tu
842 4323 943 4392 nobis
955 4323 1207 4393 amicissimum
1221 4323 1373 4392 Sestium
1383 4342 1573 4411 cognosces

449 4448 509 4532 (ad
533 4446 572 4526 Q.
596 4447 639 4516 fr.
663 4447 678 4515 Ι
702 4445 767 4530 42,
792 4446 871 4532 3.5).
897 4445 975 4514 Non
1001 4446 1161 4515 deseram
1186 4447 1572 4536 Sestiiceterornmque
