3792 5486
872 745 934 815 161

344 913 479 1031 cupiat)
525 941 620 1010 Nihil
655 963 765 1026 come,
800 944 887 1012 nihil
922 944 1069 1035 simplex
1104 944 1302 1034 (Tyrrell
1336 945 1387 1016 oft
1417 945 1461 1013 ad

344 1070 416 1139 Art.
441 1067 487 1138 lV
509 1067 579 1138 9.i:
605 1090 689 1139 sane
714 1069 780 1139 sibi
804 1070 1002 1161 displicens,
1017 1077 1056 1139 ut
1068 1069 1280 1158 loquebatur
1294 1112 1332 1120 —-
1347 1073 1398 1140 sic
1410 1078 1464 1140 est

344 1196 438 1264 enim
458 1195 494 1263 in
520 1193 586 1264 hoc
611 1195 752 1264 bomine
769 1195 957 1264 dicendum
973 1198 1039 1281 -),
1052 1197 1140 1265 nihil
1154 1197 1188 1259 ἐν
1203 1203 1269 1268 τοῖς
1282 1194 1463 1267 πολιτικοῖς
1508 1273 1513 1281 Ι

343 1319 489 1404 illustre,
530 1319 617 1389 nihil
663 1321 861 1400 honestum,
903 1321 988 1389 nihil
1034 1320 1136 1407 forte,
1181 1323 1267 1393 nihil
1310 1322 1461 1393 liberum

344 1443 404 1530 (ib.
428 1441 553 1530 13.4).”

391 1567 504 1638 Huius
542 1569 788 1660 descriptionis
821 1577 1073 1660 argumentum
1110 1578 1174 1657 est,
1210 1574 1304 1663 quod
1341 1573 1462 1643 Cicero

343 1700 467 1762 narrat
489 1694 531 1762 de
556 1695 670 1784 prima
695 1694 839 1785 Pompei
862 1705 941 1786 post
964 1698 1117 1765 reditum
1130 1719 1172 1766 ex
1187 1699 1270 1766 Asia
1283 1699 1460 1768 oratione:

344 1818 484 1904 „Prima
507 1820 623 1888 contio
637 1873 644 1888 .
659 1870 689 1888 ..
713 1840 783 1889 non
806 1821 961 1890 iucunda
987 1824 1132 1906 miseris,
1153 1824 1268 1892 inanis
1279 1821 1460 1912 improbis,

345 1942 455 2012 beatis
489 1964 559 2013 non
594 1950 706 2034 grata,
743 1945 843 2013 bouis
878 1966 949 2015 non
983 1948 1119 2034 gravis;
1153 1949 1273 2035 itaque
1308 1946 1459 2037 frigebat

342 2069 401 2154 (ib.
426 2060 514 2150 tal,
537 2068 589 2138 cf.
613 2068 852 2138 Mommsen
879 2069 940 2138 111⁶
963 2070 1030 2139 ‘205
1052 2072 1220 2157 annot.).”

387 2193 555 2263 Senatum
580 2195 675 2263 enim
699 2193 915 2281 laudaverat,
940 2195 983 2263 de
1007 2195 1174 2265 Cicerone
1191 2197 1268 2286 ipso
1281 2204 1459 2265 tacuerat:

342 2317 440 2406 „pdt'
466 2318 739 2402 ἀριστοκρατικῶς
763 2319 902 2388 locutus
921 2325 974 2388 est
986 2325 1199 2408 senatusque
1212 2323 1458 2389 auctoritatem

341 2445 408 2513 sibi
431 2446 595 2515 omnibus
617 2447 652 2514 in
678 2443 784 2514 rebus
811 2446 953 2513 uroximi
981 2445 1087 2513 videri
1111 2465 1321 2534 semperque
1348 2444 1455 2514 visam

341 2589 417 2639 esse
452 2570 632 2660 respondit
665 2575 701 2638 et
735 2569 770 2636 id
807 2569 927 2638 multis
953 2569 1131 2638 verbis..
1158 2575 1198 2637 ut
1221 2570 1340 2638 omnia
1363 2569 1458 2638 illius

341 2694 473 2764 ordinis
507 2696 668 2766 consulta
702 2699 839 2773 γενικῶς
869 2693 1031 2763 laudaret
1055 2694 1222 2784 mihique,
1248 2701 1287 2762 ut
1309 2694 1456 2778 adsedit,

340 2819 428 2889 dixit
461 2839 498 2888 se
533 2829 658 2911 putare
692 2821 777 2890 satis
800 2819 846 2889 ab
869 2839 906 2887 se
929 2820 1037 2887 etiam
1061 2818 1114 2886 ‘de
1137 2819 1213 2886 istis
1238 2817 1354 2886 rebus’
1380 2839 1456 2887 esse

341 2965 548 3034 responsum
584 2945 644 3033 (ib.
682 2944 699 3036 ξ
732 2945 801 3031 2).”
837 2945 882 3012 Et
915 2942 1104 3012 tamenab
1135 2942 1194 3011 illo
1218 2951 1339 3031 aperte
1364 2949 1454 3012 tecte

340 3070 507 3160 quicquid
532 3076 584 3138 est
607 3068 742 3156 datum,
765 3069 886 3138 Cicero
910 3068 1061 3137 libenter
1084 3068 1219 3157 accepit
1242 3067 1301 3150 (cl.
1320 3067 1455 3157 ib.§d).

385 3195 441 3263 Ab
464 3213 584 3263 errore
608 3202 726 3263 antem
752 3195 820 3263 cito
846 3193 1032 3283 Pompeius
1048 3192 1160 3276 rediit,
1174 3200 1359 3281 postquam
1374 3213 1455 3261 cum

340 3317 506 3388 Cicerone
542 3339 604 3408 per
641 3319 744 3387 breve
777 3324 919 3408 tempus
954 3317 1174 3385 familiariter
1211 3317 1304 3398 vixit,
1329 3318 1458 3405 —qui

340 3450 457 3511 tamen
493 3443 640 3512 cavebat
673 3463 718 3511 ne
752 3444 858 3512 nimis
880 3444 912 3510 ei
936 3443 1112 3511 crederet:
1138 3439 1223 3526 „llla
1248 3441 1456 3510 contionalis

341 3567 467 3637 hirudo
501 3569 639 3651 aerarii,
668 3569 796 3637 misera
819 3589 860 3636 ao
883 3569 1001 3635 ieiuna
1025 3565 1217 3656 plebecula,
1244 3566 1367 3634 moab
1393 3567 1456 3634 hoc

341 3692 468 3780 Magno
497 3694 599 3763 unice
623 3694 720 3784 diligi
744 3698 856 3784 putat,
880 3701 915 3760 et
940 3692 1081 3760 hercule
1108 3691 1219 3759 multa
1242 3699 1278 3758 et
1300 3691 1457 3759 iucunda

339 3816 592 3885 consuetudine
627 3819 806 3888 coniuncti
839 3819 933 3885 inter
956 3836 1019 3884 nos
1043 3836 1177 3898 sumus,
1204 3836 1315 3904 usque
1340 3836 1392 3896 eo,
1418 3821 1457 3883 ut

340 3942 450 4009 nostri
474 3943 532 4009 isti
554 3943 799 4012 comissatores
819 3940 1081 4024 coniurationis
1103 3937 1280 4007 barbatuli
1301 3939 1455 4022 invenes,

340 4065 438 4134 illum
462 4067 498 4133 in
512 4066 734 4136 sermonibus
750 4066 822 4135 ‘On
836 4065 1051 4135 Ciceronem'
1066 4063 1244 4153 appellent
1257 4063 1318 4146 (ib.
1331 4061 1455 4148 1611).

339 4189 427 4259 Utor
461 4190 627 4281 Pompeio
661 4191 933 4264 familiarissime
965 4191 1000 4275 (i.
1025 4209 1054 4256 e.
1087 4189 1172 4256 meis
1196 4187 1350 4256 consiliis
1373 4207 1456 4256 eum

339 4317 512 4384 associare
539 4320 671 4402 conor).
696 4315 816 4398 Video,
842 4315 926 4403 quid
951 4315 1057 4382 dicas.
1082 4309 1231 4394 Cavebu,
1257 4331 1347 4393 quae
1373 4317 1457 4381 sunt

339 4439 496 4508 cavenda
526 4441 586 4526 (ib.
615 4440 733 4526 1710).
760 4437 938 4510 Πολιτικὸς
965 4438 1048 4521 ἀνὴρ
1073 4433 1144 4500 οὐδ’
1163 4440 1243 4516 ὄναρ
1267 4436 1454 4584 qpilsquam
