3734 5518
879 779 925 848 43

342 979 427 1047 time
458 977 638 1048 consuluit
674 1017 712 1027 -
738 976 899 1066 exempla
922 977 1093 1047 nonnulla
1116 976 1161 1045 de
1184 976 1278 1046 exilii
1300 982 1462 1067 tempore

344 1104 436 1172 infra
469 1101 633 1171 dabimus
665 1141 711 1152 -
739 1124 809 1172 non
834 1104 864 1171 is
886 1103 1083 1172 censendus
1106 1108 1171 1186 est,
1194 1103 1256 1191 qui
1281 1107 1462 1172 mortuum

343 1233 442 1296 tanta
465 1227 683 1298 contumelia
706 1227 879 1309 afficeret;
903 1226 997 1315 quod
1022 1227 1051 1294 si
1075 1226 1463 1296 nibilominusaseim·

343 1358 483 1443 patrare
514 1351 683 1441 potuerit,
719 1371 787 1420 non
823 1350 932 1430 video,
968 1370 1039 1439 qua
1070 1350 1113 1419 de
1144 1371 1253 1420 causa
1283 1370 1365 1420 suas
1393 1370 1463 1419 non

343 1477 511 1546 adiecerit
549 1475 695 1545 litteras
719 1475 819 1556 Quod
844 1475 939 1543 enim
963 1475 1183 1545 contendunt
1205 1496 1299 1560 eum,
1322 1495 1367 1544 ne
1391 1476 1464 1543 exi·

344 1601 535 1671 stimationi
571 1621 655 1669 suae
690 1601 951 1670 obtrectaretur
982 1605 1200 1669 metuentem
1224 1620 1294 1668 non
1319 1599 1461 1669 secisse:

344 1726 398 1794 vir
419 1725 669 1814 sagacissimus
691 1725 823 1815 optime
847 1729 994 1793 noverat
1013 1726 1120 1793 etiarn
1134 1745 1177 1793 ex
1190 1724 1272 1794 solis
1284 1723 1463 1794 Ciceronis

343 1849 482 1938 scriptis
518 1870 555 1918 se
588 1871 657 1919 non
683 1850 801 1919 minus
824 1869 931 1938 quam
957 1849 1162 1919 Ciceronem
1186 1849 1293 1919 nosci.
1319 1848 1375 1917 Me
1399 1849 1464 1939 igi·

344 1980 404 2042 tur
437 1973 553 2042 iudice
594 1974 733 2044 Atticus
764 1974 870 2044 amici
904 1974 1020 2043 lamae
1056 1995 1203 2064 parcens
1238 1974 1281 2043 de
1312 1973 1464 2043 editione

343 2099 487 2168 omnino
510 2119 584 2168 non
609 2100 782 2188 cogitarit,
807 2103 892 2189 quia
915 2099 1049 2168 sciebat
1063 2100 1267 2169 Ciceronem
1281 2099 1347 2168 nisi
1361 2120 1465 2188 „per-

346 2223 507 2312 spectas”
543 2228 579 2292 et
610 2223 829 2308 „correctas”
854 2222 969 2293 nullas
989 2224 1125 2293 litteras
1148 2223 1205 2293 edi
1231 2224 1379 2293 voluisse
1403 2223 1463 2311 (ad

347 2347 421 2416 Att.
445 2347 526 2415 XVI
548 2347 630 2436 54).
654 2348 842 2417 Praeterea
865 2349 901 2417 in
926 2349 1048 2417 ordina
1061 2348 1318 2437 chronologico,
1334 2350 1370 2417 in
1385 2349 1465 2417 uni-

349 2493 489 2542 versum
514 2479 664 2558 servato,
689 2479 805 2542 errata
829 2472 1000 2543 nonnulla
1024 2479 1107 2542 sunt
1130 2477 1173 2559 (e.
1198 2493 1232 2561 g.
1254 2473 1290 2541 in
1314 2473 1404 2543 libro
1417 2471 1465 2540 lll

347 2597 519 2686 epistulae
571 2599 704 2687 priores
742 2598 1025 2687 transponendae
1061 2604 1145 2667 sunt
1175 2605 1211 2667 et
1240 2597 1391 2688 epistula
1421 2597 1465 2665 15

347 2721 495 2811 legenda
541 2728 596 2791 est
639 2728 723 2791 ante
768 2721 838 2813 14),
884 2743 975 2811 quae
1023 2721 1160 2792 Atticus
1205 2722 1308 2791 facile
1341 2721 1465 2790 tollere

347 2847 530 2935 potuisset.
566 2847 675 2916 Cuius
708 2854 828 2916 autem
868 2868 995 2916 manus
1029 2847 1161 2916 donum
1186 2846 1273 2915 illud
1299 2846 1463 2916 historico

346 2978 448 3061 gratu
456 2992 500 3052 m,
535 2973 602 3063 ipsi
636 2973 799 3062 scriptori
830 2971 1036 3056 infaustum,
1060 2971 1257 3062 posteritati
1279 2969 1465 3039 tradiderit

347 3095 519 3186 dispicere
542 3095 756 3165 nullomodo
770 3117 967 3186 possumus.
980 3096 1073 3165 Ante
1085 3117 1116 3164 a.
1129 3095 1174 3164 55
1185 3116 1219 3184 p.
1232 3095 1313 3164 Chr.
1327 3116 1360 3164 n.
1373 3095 1462 3182 epis·

348 3219 441 3290 tulas
454 3221 613 3310 cognitas
622 3241 694 3290 non
707 3221 826 3305 luisse,
838 3241 880 3290 ex
893 3220 1031 3290 silentio
1045 3221 1197 3304 Asconii,
1207 3220 1465 3307 diligentissimi

348 3344 658 3416 Ciceronianarum
682 3365 803 3415 rerum
816 3346 1006 3435 scriptoris
1020 3366 1083 3435 pro
1096 3355 1192 3415 certo
1205 3351 1360 3413 statuere
1373 3343 1463 3412 licet.

391 3471 483 3539 Nam
517 3490 608 3560 quae
643 3488 841 3558 repugnare
879 3468 1042 3538 videntur
1073 3469 1167 3560 apud
1206 3468 1463 3550 Quintilianum

347 3596 409 3680 (Vl
447 3594 581 3684 3.109):
616 3593 741 3679 „Ponit
780 3594 832 3681 (in
863 3593 954 3663 libro
985 3593 1029 3663 de
1062 3593 1261 3663 urbanitate
1292 3593 1466 3663 Domitius

349 3719 502 3805 Marsus)
539 3720 740 3807 exemplum
779 3719 1000 3788 Ciceronis..
1017 3767 1047 3787 ..
1083 3718 1339 3798 contumeliosi,
1370 3717 1464 3808 quod

347 3844 464 3914 Attico
487 3845 627 3933 scripsit
649 3843 694 3912 de
710 3843 876 3932 Pompeio
899 3850 936 3912 et
960 3842 1126 3946 Caesare:
1155 3843 1275 3912 Habeo
1287 3862 1394 3932 quem
1407 3842 1463 3910 fu·

347 3969 459 4056 giam3
504 3989 611 4058 quem
650 3988 779 4057 sequar
816 3988 886 4037 non
920 3967 1053 4037 baboo’'
1088 3967 1147 4053 (ad
1180 3967 1252 4036 Att.
1285 3965 1363 4035 Vlll
1394 3965 1465 4056 72)

347 4111 389 4160 cx
401 4092 551 4162 Facetiis
561 4093 749 4178 Ciceronis,
762 4113 914 4182 quarum
928 4091 1057 4161 librum
1071 4090 1210 4180 collegit
1222 4091 1313 4170 Tiro,
1323 4100 1465 4182 sumpta

346 4235 423 4286 essa
451 4221 612 4307 possunt3
632 4237 724 4307 quae
749 4216 882 4286 Seneca
905 4215 940 4285 in
958 4215 1096 4305 dialogo
1115 4215 1159 4284 de
1180 4214 1352 4285 brevitate
1374 4215 1464 4286 vitae

347 4341 443 4431 (52),
478 4363 509 4412 a.
543 4340 588 4410 49
618 4342 806 4432 (Gercke
830 4363 862 4432 p.
886 4341 967 4426 289)
990 4341 1094 4426 edito,
1118 4349 1301 4430 tamquam
1325 4361 1367 4411 ex
1391 4342 1466 4430 epi·

347 4465 440 4536 stulu
458 4467 504 4535 ad
527 4467 686 4537 Atticum
705 4467 801 4552 citat,
824 4467 860 4536 in
873 4467 1003 4536 nostris
1015 4487 1085 4536 non
1098 4471 1248 4547 exstant,
1260 4465 1461 4535 utfortasse
