3792 5486
855 706 923 774 129

363 906 439 965 Num
462 906 517 965 tibi
538 905 668 980 (Suillio)
687 924 765 984 quoe
784 904 1051 982 ooniunxpeedem
1073 905 1147 964 milri
1169 905 1232 965 lilia
1253 924 1347 984 poene
1367 913 1421 983 eet,

404 1021 442 1082 lit
462 1039 539 1098 quoe
560 1025 590 1082 te
610 1039 764 1099 generum,
788 1039 834 1080 me
856 1025 942 1080 roooi
962 1020 1014 1080 illa
1034 1021 1143 1080 virum.

1065 1140 1116 1212 (ex
1137 1137 1170 1198 P.
1193 1137 1237 1195 Ill
1259 1137 1325 1196 8.ss
1348 1142 1406 1214 oq.)

370 1295 583 1365 Suillium
598 1301 716 1365 autem
731 1296 836 1380 hunc,
849 1294 957 1363 nobili
970 1294 1046 1364 loco
1058 1301 1193 1374 natum,
1206 1297 1267 1386 qui
1279 1304 1446 1386 quaestor

325 1419 525 1490 Germanici
559 1427 646 1506 erat,
668 1420 815 1490 Ovidius
837 1421 872 1488 in
897 1420 957 1488 illa
979 1419 1130 1509 epistula
1153 1425 1264 1510 rogat,
1288 1427 1328 1490 ut
1343 1422 1443 1512 apud

325 1546 519 1634 prinprem
543 1546 707 1616 iuvenem
733 1565 796 1634 pro
819 1565 867 1625 se,
892 1544 953 1635 qui
976 1545 1009 1612 ei
1034 1564 1144 1633 paene
1168 1548 1279 1615 soceri
1299 1545 1376 1616 loco
1389 1548 1443 1630 sit,

328 1669 432 1738 verba
466 1669 583 1740 saciat.
618 1669 744 1740 Postea
778 1670 915 1738 delator
949 1651 1065 1738 iaetus
1099 1676 1135 1737 et
1159 1691 1180 1738 a
1202 1669 1342 1739 Tiberio
1365 1681 1444 1741 eto

326 1793 465 1863 Nerone
495 1795 698 1863 inexilium
724 1795 847 1885 pulsus
869 1801 923 1862 est
946 1794 1041 1880 (Tae.
1066 1794 1107 1864 A.
1132 1793 1177 1862 lV
1200 1793 1254 1882 31,
1279 1797 1359 1865 XIII
1383 1797 1444 1884 433

326 1917 457 1986 Owen
479 1918 495 1984 Ι
519 1939 551 2008 p.
576 1918 699 2008 XVII).
724 1959 763 1969 -

369 2041 494 2112 Cetera
528 2042 663 2112 familia
699 2043 881 2128 Ouidiana,
906 2043 949 2111 ‹ie
974 2064 1045 2133 qua
1068 2043 1211 2132 quidem
1235 2045 1367 2135 aliquid
1385 2065 1444 2115 co-

325 2143 521 2255 gnovimus,
545 2174 683 2237 constat
706 2189 749 2237 ex
769 2167 996 2237 avunculo
1017 2169 1174 2237 uxoris
1193 2171 1373 2254 tertiae,
1386 2172 1444 2238 oui

324 2293 455 2382 gratias
489 2294 572 2383 ugit,
596 2292 690 2382 quod
715 2293 884 2361 feminam
909 2313 1009 2361 suam
1030 2293 1255 2362 admonuerit
1278 2315 1322 2362 ne
1348 2295 1444 2365 lenta

324 2423 433 2486 esset:

444 2569 555 2646 Sponte
576 2568 696 2648 quidem
718 2588 771 2647 per
790 2587 881 2647 oeque
904 2588 969 2628 meo
989 2574 1035 2628 eet
1052 2569 1211 2629 laudabilis
1231 2589 1323 2630 uxor:

485 2684 650 2743 Admonitu
672 2684 776 2743 melior
796 2683 830 2742 fit
850 2689 950 2744 tumen
972 2685 1025 2744 illu
1045 2689 1105 2746 tuo.

1054 2803 1105 2876 (ex
1126 2801 1160 2859 P.
1182 2801 1214 2860 11
1237 2804 1325 2861 11.13
1346 2803 1404 2880 sq.)

371 2914 505 2983 Nomen
531 2917 563 2983 ei
588 2915 702 2984 Rufus
725 2920 761 2983 et
784 2914 918 2983 Fundis
941 2916 1113 2984 oriundus
1137 2923 1231 2985 erat:

564 3040 699 3100 Maximo
718 3039 857 3098 Fundani
878 3040 983 3116 glorio,
1004 3041 1092 3117 Rufe,
1113 3039 1178 3100 ooli.

1205 3121 1257 3201 (n.
1283 3123 1343 3200 aa).
1365 3156 1404 3167 -

369 3278 537 3368 Cognatio
557 3297 661 3368 porro
681 3277 921 3347 intercedebat
932 3279 1026 3346 inter
1038 3281 1179 3348 tertiam
1194 3280 1310 3349 Ovidii
1321 3282 1444 3350 coniu-

324 3425 403 3494 gem
428 3413 464 3472 et
487 3404 673 3473 Paulum
698 3402 883 3471 Fabium
914 3403 1166 3485 Maximum,
1189 3407 1273 3496 quia
1295 3411 1445 3495 uterque

324 3549 368 3596 ex
391 3535 496 3618 gente
519 3529 628 3598 Fabia
652 3535 729 3596 erat
752 3527 846 3612 („ille
870 3547 946 3615 ego,
971 3528 1015 3596 de
1040 3530 1445 3620 vestracuidatanupta

325 3653 430 3722 domo
453 3653 527 3720 eot’'
551 3671 594 3720 ex
617 3652 654 3720 P.
679 3650 832 3735 12136).
855 3652 950 3721 Uxor
961 3653 1037 3721 eius
1051 3653 1185 3723 Marcio
1197 3654 1312 3723 Ovidii
1326 3656 1445 3725 uxoris

325 3801 346 3846 a
383 3779 495 3868 primo
530 3797 616 3846 aevo
651 3776 778 3846 dilecta
809 3797 927 3845 comes
957 3784 1033 3846 erat
1066 3778 1127 3866 (ib.
1149 3777 1214 3846 137
1238 3781 1317 3868 sq.)‚
1341 3786 1445 3869 poeta
1567 3785 1568 3790 ’

325 3911 449 3972 contra
479 3900 627 3969 Fabium
652 3921 721 3969 nou
748 3908 787 3969 ut
810 3901 1021 3969 familiarem
1046 3902 1107 3970 sed
1133 3908 1172 3971 ut
1196 3910 1385 3992 patronum
1409 3911 1445 3972 et

326 4027 500 4096 fautorem
527 4025 729 4115 alloquitur.
753 4064 797 4075 -

371 4151 564 4220 Senecae
602 4158 714 4218 mater
747 4149 863 4239 qualis
885 4158 987 4232 esset,
1014 4171 1160 4220 uxorem
1184 4171 1266 4219 eum
1291 4151 1443 4238 duxisse,

325 4296 368 4345 ex
391 4297 434 4344 ea
457 4275 546 4344 duos
569 4275 587 4344 i
591 4274 811 4343 iliosnatos
822 4294 898 4342 esse
911 4295 1019 4364 supro
1030 4277 1101 4344 Iam
1115 4277 1330 4366 scripsimus.
1345 4277 1445 4345 Alter

327 4401 423 4470 brevi
458 4405 649 4490 antequam
685 4403 786 4488 pater
821 4400 855 4466 in
891 4399 1036 4467 ouillum
1071 4401 1143 4486 ivit,
1181 4406 1344 4548 mortups
1376 4410 1444 4470 est:
