3734 5518
995 669 1040 738 iti

454 867 548 937 linus
583 869 653 953 ille,
677 869 738 959 qui
763 868 907 952 „morbo
931 874 966 936 et
990 888 1059 935 non
1084 866 1490 957 insanabiiifoorreptus
1514 869 1574 937 sed

453 992 557 1084 longo
581 999 617 1061 et
642 995 789 1062 molesto
812 1000 847 1061 et
872 993 985 1061 multa
1009 993 1217 1083 imperante,
1241 992 1356 1082 coepit
1379 991 1574 1064 deliberare

453 1117 497 1185 de
533 1121 667 1187 morte’'
691 1126 727 1188 et
750 1117 856 1188 Stoici
881 1117 1064 1187 cuiusdam
1092 1118 1207 1186 verbis
1231 1117 1432 1186 admonitus
1458 1116 1573 1186 inedia

452 1242 586 1311 exitum
611 1262 702 1327 „non
729 1244 804 1311 sine
828 1243 980 1331 quadam
1009 1241 1208 1332 voluptate''
1233 1242 1300 1310 sibi
1324 1243 1493 1312 consciuit
1511 1243 1551 1331 ¹).

498 1366 699 1436 Secundum
713 1366 854 1435 solitum
872 1367 1100 1436 institutionis
1109 1367 1268 1435 ordinem
1280 1367 1408 1436 Lucius
1417 1367 1570 1457 primum

453 1492 765 1578 grammaticorum
798 1489 992 1579 disciplinis
1023 1489 1194 1574 incubuit,
1218 1511 1369 1580 quarum
1390 1505 1571 1581 'nugarum

455 1636 535 1685 mox
580 1636 660 1684 eum
709 1623 909 1706 pertaesum
956 1622 1009 1683 est
1026 1617 1067 1697 2),
1114 1615 1239 1683 deinde
1283 1615 1477 1700 rhetorum,
1512 1617 1572 1705 qui

453 1740 591 1809 dicendi
625 1741 745 1829 generi
781 1740 858 1808 eius
893 1739 1044 1807 multum
1080 1747 1279 1807 nocuerunt
1295 1742 1336 1828 ³).
1374 1739 1446 1808 Hac
1474 1739 1509 1808 in
1534 1761 1572 1808 re

454 1864 553 1934 valde
578 1866 611 1934 ei
632 1865 804 1955 profuisse
819 1865 1007 1933 verisimile
1018 1870 1072 1932 est
1084 1871 1272 1953 praecepta
1285 1866 1404 1954 patris,
1419 1884 1571 1953 quocum

452 1989 664 2059 clarissimos
709 1989 875 2058 audiebat
913 1996 1081 2058 oratores.
1118 1990 1283 2058 Attamen
1322 1990 1573 2079 posterioribus

452 2114 580 2182 Tiberii
615 2115 728 2193 annis,
764 2135 844 2182 cum
881 2114 1084 2182 Cremutius
1119 2113 1254 2182 Cordus
1287 2114 1433 2182 crimine
1457 2113 1576 2205 laesae

453 2238 644 2305 maiestatis
668 2238 858 2306 damnatus
880 2245 944 2316 est,
969 2237 1062 2326 quod
1089 2235 1238 2306 Brutum
1263 2245 1298 2306 et
1322 2238 1480 2307 Cassium
1494 2238 1571 2307 ian·

451 2359 569 2430 desset
603 2360 699 2448 (Tac.
736 2361 776 2430 Α.
803 2361 848 2430 IV
872 2361 942 2446 34),
966 2383 1036 2431 non
1057 2382 1100 2430 ea
1123 2370 1225 2430 erant
1249 2368 1418 2451 tempora,
1442 2362 1572 2452 quibus

451 2485 531 2574 quis
553 2484 715 2555 libertate
739 2485 877 2555 dicendi
900 2485 1085 2574 proficeret
1108 2487 1227 2576 itaque
1240 2487 1372 2555 Seneca
1385 2488 1569 2557 consitium

452 2609 582 2679 forensi
615 2631 761 2679 munere
796 2631 921 2680 causas
957 2607 1143 2695 tractandi,
1165 2611 1270 2700 wquod
1307 2613 1376 2679 iam
1402 2611 1570 2702 perficere

451 2735 641 2825 inceperat,
664 2736 827 2825 deposuit
843 2739 882 2821 ⁴).
907 2736 1027 2804 Novus
1050 2745 1168 2805 autem
1183 2737 1567 2826 tuncingrueratmor·

451 2859 517 2928 bus
529 2860 671 2944 saeculi,
685 2860 926 2951 philosophiae
940 2861 1077 2929 insania
1095 2857 1134 2948 5),
1149 2881 1256 2949 quam
1271 2863 1403 2930 Seneca
1416 2882 1569 2951 quoqne,

451 2991 489 3052 ut
513 2985 548 3051 io
573 2985 692 3053 omnia
716 3005 843 3073 magno
867 2985 1007 3074 incepto
1036 2985 1130 3053 venit
1153 2988 1221 3073 (ep.
1246 2984 1395 3073 108.t5)‚
1419 2996 1568 3076 utraque

452 3129 558 3177 manu
584 3115 655 3178 tam
671 3110 837 3178 ardenter
849 3111 1011 3200 arripuit,
1032 3117 1072 3178 ut
1084 3110 1235 3179 Sotionis
1248 3111 1569 3200 discipulus-qui

449 3275 657 3284 —--—-.

493 3347 521 3422 l)
541 3362 585 3423 ep.
608 3345 654 3404 77.
678 3345 786 3414 b—w,
808 3342 946 3403 Mortba
969 3341 1022 3404 [es
1044 3343 1203 3405 mortiistes
1224 3363 1294 3406 sous
1316 3343 1445 3423 i’ernpire
1457 3342 1567 3404 romain

449 3459 549 3520 Poris⁸
569 3459 674 3538 (teet)
694 3476 722 3538 p.
745 3461 832 3519 b-ii.

489 3579 520 3640 9)
540 3573 627 3635 iudex
651 3573 1567 3654 Haasiisu.grammaticiiiiepeobrockp.22,Gcrcke

448 3692 560 3770 peon.

489 3808 519 3881 3)
560 3805 811 3884 Diepenbrock
834 3823 859 3884 p.
883 3808 1011 3875 22-34,
1033 3803 1169 3867 Geroke
1192 3825 1220 3885 p.
1242 3808 1409 3868 ¹33-ttttt.
1526 3821 1529 3828 ’

488 3921 522 4001 t)
561 3939 605 4001 ep.
627 3923 711 3983 teu:
735 3919 840 3992 „motio
861 3939 962 3982 causas
983 3939 1065 4000 agere
1087 3920 1177 4000 coepi.
1191 3921 1275 3983 modo
1285 3922 1357 4014 desii
1371 3922 1443 3983 velie
1454 3924 1565 4001 agerat

447 4038 527 4108 Quae
548 4043 725 4116 sequuntur:
749 4035 854 4108 ..modo
874 4035 946 4097 desii
968 4037 1071 4115 posse”
1092 4037 1126 4097 ad
1145 4037 1266 4098 exitium
1289 4039 1408 4100 tortasse
1425 4039 1567 4118 pertinent

446 4152 614 4227 (Mortuus
634 4153 670 4214 de
692 4152 721 4214 L.
744 4151 852 4213 Annaei
874 4151 997 4213 Senecae
1019 4152 1075 4214 vita
1097 4160 1149 4214 etc.
1171 4154 1274 4214 Attona
1297 4156 1369 4214 tert
1398 4171 1415 4232 p
1447 4155 1475 4212 6.
1494 4153 1566 4214 [tie-

448 4287 512 4348 pen
522 4268 633 4330 brock
646 4287 671 4348 p.
685 4269 755 4347 33).
767 4270 826 4329 Aut
836 4268 869 4330 nti
883 4267 1027 4328 crttdeiem
1039 4268 1265 4330 dominationem
1273 4269 1460 4344 Seiani?(vid.
1470 4269 1564 4343 inira).

488 4388 519 4458 e)
560 4383 876 4463 Ci.Diepenbrock
899 4403 925 4463 p.
949 4387 996 4445 2¹4.
