<?xml version="1.0" encoding="UTF-8"?>
<!DOCTYPE html PUBLIC "-//W3C//DTD XHTML 1.0 Transitional//EN"
    "http://www.w3.org/TR/xhtml1/DTD/xhtml1-transitional.dtd">
<html xmlns="http://www.w3.org/1999/xhtml" xml:lang="en" lang="en">
 <head>
  <title>
</title>
<meta http-equiv="Content-Type" content="text/html;charset=utf-8" />
  <meta name='ocr-system' content='tesseract 3.04.00' />
  <meta name='ocr-capabilities' content='ocr_page ocr_carea ocr_par ocr_line ocrx_word'/>
</head>
<body>
  <div class='ocr_page' id='page_1' title='image "./exulumtriassive00leopgoog_0205.png"; bbox 0 0 3778 5488; ppageno 0'>
   <div class='ocr_carea' id='block_1_1' title="bbox 960 701 1027 770">
    <p class='ocr_par' dir='ltr' id='par_1_1' title="bbox 960 701 1027 770">
     <span class='ocr_line' id='line_1_1' title="bbox 960 701 1027 770; baseline 0.015 -1"><span class='ocrx_word' id='word_1_1' title='bbox 960 701 1027 770; x_wconf 77' lang='lat'>192</span> 
     </span>
    </p>
   </div>
   <div class='ocr_carea' id='block_1_2' title="bbox 582 899 1548 2581">
    <p class='ocr_par' dir='ltr' id='par_1_2' title="bbox 582 899 1548 2581">
     <span class='ocr_line' id='line_1_2' title="bbox 585 899 1372 978; baseline 0.004 -21"><span class='ocrx_word' id='word_1_2' title='bbox 585 899 647 958; x_wconf 84' lang='lat' dir='ltr'>Vix</span> <span class='ocrx_word' id='word_1_3' title='bbox 669 899 728 959; x_wconf 94' lang='lat' dir='ltr'>duo</span> <span class='ocrx_word' id='word_1_4' title='bbox 748 904 847 959; x_wconf 78' lang='lat' dir='ltr'>tresve</span> <span class='ocrx_word' id='word_1_5' title='bbox 869 899 942 958; x_wconf 85' lang='lat' dir='ltr'>mihi</span> <span class='ocrx_word' id='word_1_6' title='bbox 963 899 1000 959; x_wconf 93' lang='lat' dir='ltr'>de</span> <span class='ocrx_word' id='word_1_7' title='bbox 1020 904 1065 960; x_wconf 91' lang='lat' dir='ltr'>tot</span> <span class='ocrx_word' id='word_1_8' title='bbox 1085 901 1248 978; x_wconf 76' lang='lat' dir='ltr'>superestis</span> <span class='ocrx_word' id='word_1_9' title='bbox 1268 900 1372 978; x_wconf 80' lang='lat' dir='ltr'>umini3</span> 
     </span>
     <span class='ocr_line' id='line_1_3' title="bbox 625 1014 1283 1091; baseline 0 -15"><span class='ocrx_word' id='word_1_10' title='bbox 625 1015 733 1076; x_wconf 81' lang='lat' dir='ltr'>Oeters</span> <span class='ocrx_word' id='word_1_11' title='bbox 752 1015 915 1091; x_wconf 75' lang='lat' dir='ltr'>Fortunas,</span> <span class='ocrx_word' id='word_1_12' title='bbox 936 1033 996 1075; x_wconf 91' lang='lat' dir='ltr'>uon</span> <span class='ocrx_word' id='word_1_13' title='bbox 1019 1032 1085 1075; x_wconf 84' lang='lat' dir='ltr'>mes</span> <span class='ocrx_word' id='word_1_14' title='bbox 1105 1015 1194 1075; x_wconf 85' lang='lat' dir='ltr'>turbs</span> <span class='ocrx_word' id='word_1_15' title='bbox 1215 1014 1283 1076; x_wconf 83' lang='lat' dir='ltr'>init.</span> 
     </span>
     <span class='ocr_line' id='line_1_4' title="bbox 1287 1131 1511 1212; baseline 0.009 -22"><span class='ocrx_word' id='word_1_16' title='bbox 1287 1131 1340 1210; x_wconf 91' lang='lat' dir='ltr'>(ib.</span> <span class='ocrx_word' id='word_1_17' title='bbox 1363 1133 1431 1194; x_wconf 65' lang='lat'>533</span> <span class='ocrx_word' id='word_1_18' title='bbox 1453 1138 1511 1212; x_wconf 92' lang='lat' dir='ltr'>sq.)</span> 
     </span>
     <span class='ocr_line' id='line_1_5' title="bbox 626 1246 1442 1336; baseline 0 -30"><span class='ocrx_word' id='word_1_19' title='bbox 626 1247 674 1306; x_wconf 85' lang='lat' dir='ltr'>Me</span> <span class='ocrx_word' id='word_1_20' title='bbox 695 1246 854 1326; x_wconf 78' lang='lat' dir='ltr'>profugum</span> <span class='ocrx_word' id='word_1_21' title='bbox 876 1247 999 1307; x_wconf 77' lang='lat' dir='ltr'>comites</span> <span class='ocrx_word' id='word_1_22' title='bbox 1020 1246 1178 1307; x_wconf 86' lang='lat' dir='ltr'>deseruere</span> <span class='ocrx_word' id='word_1_23' title='bbox 1199 1247 1266 1306; x_wconf 89' lang='lat' dir='ltr'>mei.</span> <span class='ocrx_word' id='word_1_24' title='bbox 1439 1331 1442 1336; x_wconf 28' lang='grc' dir='ltr'>Ι</span> 
     </span>
     <span class='ocr_line' id='line_1_6' title="bbox 1386 1364 1511 1439; baseline -0.008 -16"><span class='ocrx_word' id='word_1_25' title='bbox 1386 1364 1437 1438; x_wconf 89' lang='lat' dir='ltr'>(ib.</span> <span class='ocrx_word' id='word_1_26' title='bbox 1460 1366 1511 1439; x_wconf 81' lang='lat'>64)</span> 
     </span>
     <span class='ocr_line' id='line_1_7' title="bbox 584 1479 1362 1558; baseline 0.001 -20"><span class='ocrx_word' id='word_1_27' title='bbox 584 1481 685 1540; x_wconf 89' lang='lat' dir='ltr'>Doneo</span> <span class='ocrx_word' id='word_1_28' title='bbox 704 1481 764 1540; x_wconf 90' lang='lat' dir='ltr'>sris</span> <span class='ocrx_word' id='word_1_29' title='bbox 784 1497 894 1558; x_wconf 81' lang='lat' dir='ltr'>sospes,</span> <span class='ocrx_word' id='word_1_30' title='bbox 915 1479 1024 1540; x_wconf 90' lang='lat' dir='ltr'>multos</span> <span class='ocrx_word' id='word_1_31' title='bbox 1045 1479 1217 1540; x_wconf 74' lang='lat' dir='ltr'>numerabis</span> <span class='ocrx_word' id='word_1_32' title='bbox 1237 1481 1362 1541; x_wconf 85' lang='lat' dir='ltr'>umioos:</span> 
     </span>
     <span class='ocr_line' id='line_1_8' title="bbox 625 1595 1275 1674; baseline 0.003 -20"><span class='ocrx_word' id='word_1_33' title='bbox 625 1595 771 1674; x_wconf 77' lang='lat' dir='ltr'>Tempora</span> <span class='ocrx_word' id='word_1_34' title='bbox 790 1596 816 1655; x_wconf 91' lang='lat' dir='ltr'>si</span> <span class='ocrx_word' id='word_1_35' title='bbox 837 1595 950 1656; x_wconf 77' lang='lat' dir='ltr'>suerint</span> <span class='ocrx_word' id='word_1_36' title='bbox 971 1596 1085 1668; x_wconf 82' lang='lat' dir='ltr'>nubilo,</span> <span class='ocrx_word' id='word_1_37' title='bbox 1105 1597 1186 1656; x_wconf 88' lang='lat' dir='ltr'>solus</span> <span class='ocrx_word' id='word_1_38' title='bbox 1206 1597 1275 1656; x_wconf 83' lang='lat' dir='ltr'>eris.</span> 
     </span>
     <span class='ocr_line' id='line_1_9' title="bbox 1306 1711 1509 1790; baseline 0.01 -20"><span class='ocrx_word' id='word_1_39' title='bbox 1306 1712 1357 1786; x_wconf 89' lang='lat' dir='ltr'>(ib.</span> <span class='ocrx_word' id='word_1_40' title='bbox 1379 1712 1428 1773; x_wconf 71' lang='lat' dir='ltr'>eo</span> <span class='ocrx_word' id='word_1_41' title='bbox 1451 1711 1509 1790; x_wconf 70' lang='lat' dir='ltr'>sq.)</span> 
     </span>
     <span class='ocr_line' id='line_1_10' title="bbox 585 1825 1548 1906; baseline -0.001 -20"><span class='ocrx_word' id='word_1_42' title='bbox 585 1827 656 1886; x_wconf 78' lang='lat' dir='ltr'>iisse</span> <span class='ocrx_word' id='word_1_43' title='bbox 686 1825 738 1886; x_wconf 92' lang='lat' dir='ltr'>sed</span> <span class='ocrx_word' id='word_1_44' title='bbox 769 1827 846 1888; x_wconf 75' lang='lat' dir='ltr'>irato</span> <span class='ocrx_word' id='word_1_45' title='bbox 878 1828 945 1905; x_wconf 81' lang='lat' dir='ltr'>quis</span> <span class='ocrx_word' id='word_1_46' title='bbox 966 1833 995 1886; x_wconf 85' lang='lat' dir='ltr'>te</span> <span class='ocrx_word' id='word_1_47' title='bbox 1016 1827 1179 1906; x_wconf 77' lang='lat' dir='ltr'>(Auguste)</span> <span class='ocrx_word' id='word_1_48' title='bbox 1200 1827 1273 1886; x_wconf 88' lang='lat' dir='ltr'>mihi</span> <span class='ocrx_word' id='word_1_49' title='bbox 1295 1832 1394 1906; x_wconf 86' lang='lat' dir='ltr'>posset</span> <span class='ocrx_word' id='word_1_50' title='bbox 1413 1827 1548 1888; x_wconf 82' lang='lat' dir='ltr'>smiousi</span> 
     </span>
     <span class='ocr_line' id='line_1_11' title="bbox 1317 1942 1508 2022; baseline -0.01 -20"><span class='ocrx_word' id='word_1_51' title='bbox 1317 1942 1381 2022; x_wconf 81' lang='lat' dir='ltr'>(Tr.</span> <span class='ocrx_word' id='word_1_52' title='bbox 1403 1943 1508 2015; x_wconf 77' lang='lat'><em>1181)</em></span> 
     </span>
     <span class='ocr_line' id='line_1_12' title="bbox 622 2057 1188 2137; baseline 0.005 -21"><span class='ocrx_word' id='word_1_53' title='bbox 622 2057 724 2118; x_wconf 87' lang='lat' dir='ltr'>&#39;l&#39;imor</span> <span class='ocrx_word' id='word_1_54' title='bbox 744 2058 872 2119; x_wconf 85' lang='lat' dir='ltr'>offloium</span> <span class='ocrx_word' id='word_1_55' title='bbox 894 2065 999 2119; x_wconf 83' lang='lat' dir='ltr'>osutns</span> <span class='ocrx_word' id='word_1_56' title='bbox 1020 2058 1188 2137; x_wconf 87' lang='lat' dir='ltr'>oompesoit.</span> 
     </span>
     <span class='ocr_line' id='line_1_13' title="bbox 1236 2171 1507 2252; baseline 0 -20"><span class='ocrx_word' id='word_1_57' title='bbox 1236 2171 1507 2252; x_wconf 56' lang='lat' dir='ltr'>fflfflstffi</span> 
     </span>
     <span class='ocr_line' id='line_1_14' title="bbox 582 2287 1303 2366; baseline -0.001 -18"><span class='ocrx_word' id='word_1_58' title='bbox 582 2287 624 2348; x_wconf 89' lang='lat' dir='ltr'>Ut</span> <span class='ocrx_word' id='word_1_59' title='bbox 643 2288 745 2358; x_wconf 79' lang='lat' dir='ltr'>oooidi.</span> <span class='ocrx_word' id='word_1_60' title='bbox 766 2288 925 2366; x_wconf 87' lang='lat' dir='ltr'>ounotique</span> <span class='ocrx_word' id='word_1_61' title='bbox 946 2293 1026 2349; x_wconf 89' lang='lat' dir='ltr'>metu</span> <span class='ocrx_word' id='word_1_62' title='bbox 1049 2288 1153 2366; x_wconf 78' lang='lat' dir='ltr'>sugere</span> <span class='ocrx_word' id='word_1_63' title='bbox 1174 2289 1303 2366; x_wconf 77' lang='lat' dir='ltr'>ruinam,</span> 
     </span>
     <span class='ocr_line' id='line_1_15' title="bbox 622 2403 1364 2483; baseline 0.003 -21"><span class='ocrx_word' id='word_1_64' title='bbox 622 2404 777 2483; x_wconf 84' lang='lat' dir='ltr'>Verssqoe</span> <span class='ocrx_word' id='word_1_65' title='bbox 797 2404 946 2465; x_wconf 85' lang='lat' dir='ltr'>smioitise</span> <span class='ocrx_word' id='word_1_66' title='bbox 967 2410 1052 2482; x_wconf 82' lang='lat' dir='ltr'>terge</span> <span class='ocrx_word' id='word_1_67' title='bbox 1071 2403 1180 2464; x_wconf 86' lang='lat' dir='ltr'>dedere</span> <span class='ocrx_word' id='word_1_68' title='bbox 1201 2422 1284 2465; x_wconf 82' lang='lat' dir='ltr'>mese</span> <span class='ocrx_word' id='word_1_69' title='bbox 1296 2448 1304 2464; x_wconf 92' lang='lat'><strong>.</strong></span> <span class='ocrx_word' id='word_1_70' title='bbox 1316 2452 1323 2466; x_wconf 94' lang='lat'><em>.</em></span> <span class='ocrx_word' id='word_1_71' title='bbox 1336 2448 1364 2465; x_wconf 94' lang='lat'>..</span> 
     </span>
     <span class='ocr_line' id='line_1_16' title="bbox 664 2520 1228 2581; baseline -0.002 -1"><span class='ocrx_word' id='word_1_72' title='bbox 664 2566 691 2581; x_wconf 88' lang='lat'>..</span> <span class='ocrx_word' id='word_1_73' title='bbox 705 2521 852 2581; x_wconf 82' lang='lat' dir='ltr'>..misero</span> <span class='ocrx_word' id='word_1_74' title='bbox 872 2520 925 2580; x_wconf 82' lang='lat' dir='ltr'>six</span> <span class='ocrx_word' id='word_1_75' title='bbox 946 2520 1005 2580; x_wconf 93' lang='lat' dir='ltr'>duo</span> <span class='ocrx_word' id='word_1_76' title='bbox 1026 2525 1124 2581; x_wconf 82' lang='lat' dir='ltr'>tresve</span> <span class='ocrx_word' id='word_1_77' title='bbox 1145 2521 1228 2580; x_wconf 89' lang='lat' dir='ltr'>mihi.</span> 
     </span>
    </p>
   </div>
   <div class='ocr_carea' id='block_1_3' title="bbox 1232 2635 1504 2714">
    <p class='ocr_par' dir='ltr' id='par_1_3' title="bbox 1232 2635 1504 2714">
     <span class='ocr_line' id='line_1_17' title="bbox 1232 2635 1504 2714; baseline 0 -19"><span class='ocrx_word' id='word_1_78' title='bbox 1232 2635 1285 2714; x_wconf 89' lang='lat' dir='ltr'>(ib.</span> <span class='ocrx_word' id='word_1_79' title='bbox 1306 2635 1355 2697; x_wconf 64' lang='lat' dir='ltr'>dd</span> <span class='ocrx_word' id='word_1_80' title='bbox 1377 2655 1431 2714; x_wconf 83' lang='lat' dir='ltr'>sq.,</span> <span class='ocrx_word' id='word_1_81' title='bbox 1455 2638 1504 2708; x_wconf 88' lang='grc'>10)</span> 
     </span>
    </p>
   </div>
   <div class='ocr_carea' id='block_1_4' title="bbox 423 2775 1542 2989">
    <p class='ocr_par' dir='ltr' id='par_1_4' title="bbox 423 2775 1542 2989">
     <span class='ocr_line' id='line_1_18' title="bbox 423 2775 1542 2865; baseline 0 -21"><span class='ocrx_word' id='word_1_82' title='bbox 423 2775 459 2844; x_wconf 89' lang='lat' dir='ltr'>Si</span> <span class='ocrx_word' id='word_1_83' title='bbox 483 2776 615 2843; x_wconf 84' lang='lat' dir='ltr'>femina</span> <span class='ocrx_word' id='word_1_84' title='bbox 639 2795 780 2865; x_wconf 90' lang='lat' dir='ltr'>qnoque</span> <span class='ocrx_word' id='word_1_85' title='bbox 804 2797 886 2844; x_wconf 91' lang='lat' dir='ltr'>eum</span> <span class='ocrx_word' id='word_1_86' title='bbox 910 2777 1119 2856; x_wconf 79' lang='lat' dir='ltr'>destituerit,</span> <span class='ocrx_word' id='word_1_87' title='bbox 1147 2777 1190 2845; x_wconf 91' lang='lat' dir='ltr'>de</span> <span class='ocrx_word' id='word_1_88' title='bbox 1214 2776 1311 2846; x_wconf 91' lang='lat' dir='ltr'>omni</span> <span class='ocrx_word' id='word_1_89' title='bbox 1334 2777 1448 2845; x_wconf 85' lang='lat' dir='ltr'>solute</span> <span class='ocrx_word' id='word_1_90' title='bbox 1471 2777 1542 2845; x_wconf 80' lang='lat' dir='ltr'>ism</span> 
     </span>
     <span class='ocr_line' id='line_1_19' title="bbox 424 2899 642 2989; baseline 0.005 -21"><span class='ocrx_word' id='word_1_91' title='bbox 424 2899 642 2989; x_wconf 81' lang='lat' dir='ltr'>desperabit:</span> 
     </span>
    </p>
   </div>
   <div class='ocr_carea' id='block_1_5' title="bbox 579 3062 1543 3372">
    <p class='ocr_par' dir='ltr' id='par_1_5' title="bbox 579 3062 1543 3372">
     <span class='ocr_line' id='line_1_20' title="bbox 581 3062 1543 3141; baseline -0.001 -20"><span class='ocrx_word' id='word_1_92' title='bbox 581 3062 629 3121; x_wconf 85' lang='lat' dir='ltr'>Me</span> <span class='ocrx_word' id='word_1_93' title='bbox 641 3063 796 3122; x_wconf 75' lang='lat' dir='ltr'>miserum}</span> <span class='ocrx_word' id='word_1_94' title='bbox 819 3062 890 3141; x_wconf 91' lang='lat' dir='ltr'>quid</span> <span class='ocrx_word' id='word_1_95' title='bbox 903 3081 1000 3141; x_wconf 72' lang='lat' dir='ltr'>spem,</span> <span class='ocrx_word' id='word_1_96' title='bbox 1012 3063 1037 3123; x_wconf 89' lang='lat' dir='ltr'>si</span> <span class='ocrx_word' id='word_1_97' title='bbox 1049 3064 1186 3140; x_wconf 87' lang='lat' dir='ltr'>proximu</span> <span class='ocrx_word' id='word_1_98' title='bbox 1197 3080 1335 3140; x_wconf 84' lang='lat' dir='ltr'>quoeque</span> <span class='ocrx_word' id='word_1_99' title='bbox 1346 3062 1543 3139; x_wconf 78' lang='lat' dir='ltr'>relinquenti</span> 
     </span>
     <span class='ocr_line' id='line_1_21' title="bbox 620 3177 1321 3256; baseline 0 -20"><span class='ocrx_word' id='word_1_100' title='bbox 620 3177 777 3238; x_wconf 78' lang='lat' dir='ltr'>Subtrahis</span> <span class='ocrx_word' id='word_1_101' title='bbox 798 3178 919 3238; x_wconf 75' lang='lat' dir='ltr'>effracto</span> <span class='ocrx_word' id='word_1_102' title='bbox 940 3184 973 3238; x_wconf 85' lang='lat' dir='ltr'>tu</span> <span class='ocrx_word' id='word_1_103' title='bbox 994 3195 1113 3256; x_wconf 88' lang='lat' dir='ltr'>quoque</span> <span class='ocrx_word' id='word_1_104' title='bbox 1134 3177 1211 3237; x_wconf 87' lang='lat' dir='ltr'>oolls</span> <span class='ocrx_word' id='word_1_105' title='bbox 1231 3178 1321 3255; x_wconf 77' lang='lat' dir='ltr'>iugo?</span> 
     </span>
     <span class='ocr_line' id='line_1_22' title="bbox 579 3292 1350 3372; baseline -0.004 -19"><span class='ocrx_word' id='word_1_106' title='bbox 579 3293 645 3362; x_wconf 88' lang='lat' dir='ltr'>Quo</span> <span class='ocrx_word' id='word_1_107' title='bbox 665 3292 765 3353; x_wconf 81' lang='lat' dir='ltr'>iersri</span> <span class='ocrx_word' id='word_1_108' title='bbox 785 3294 865 3354; x_wconf 90' lang='lat' dir='ltr'>unde</span> <span class='ocrx_word' id='word_1_109' title='bbox 886 3303 983 3372; x_wconf 83' lang='lat' dir='ltr'>petum</span> <span class='ocrx_word' id='word_1_110' title='bbox 1005 3293 1090 3352; x_wconf 80' lang='lat' dir='ltr'>lassis</span> <span class='ocrx_word' id='word_1_111' title='bbox 1110 3292 1220 3353; x_wconf 85' lang='lat' dir='ltr'>solsois</span> <span class='ocrx_word' id='word_1_112' title='bbox 1240 3292 1350 3352; x_wconf 74' lang='lat' dir='ltr'>rebus?</span> 
     </span>
    </p>
   </div>
   <div class='ocr_carea' id='block_1_6' title="bbox 619 3408 1502 3599">
    <p class='ocr_par' dir='ltr' id='par_1_6' title="bbox 619 3408 1502 3599">
     <span class='ocr_line' id='line_1_23' title="bbox 619 3408 1366 3469; baseline 0.001 -2"><span class='ocrx_word' id='word_1_113' title='bbox 619 3409 739 3468; x_wconf 84' lang='lat' dir='ltr'>Anoors</span> <span class='ocrx_word' id='word_1_114' title='bbox 759 3409 818 3468; x_wconf 85' lang='lat' dir='ltr'>ium</span> <span class='ocrx_word' id='word_1_115' title='bbox 840 3414 972 3469; x_wconf 80' lang='lat' dir='ltr'>nostrum</span> <span class='ocrx_word' id='word_1_116' title='bbox 993 3426 1053 3468; x_wconf 93' lang='lat' dir='ltr'>non</span> <span class='ocrx_word' id='word_1_117' title='bbox 1074 3413 1157 3467; x_wconf 89' lang='lat' dir='ltr'>tenet</span> <span class='ocrx_word' id='word_1_118' title='bbox 1178 3408 1240 3468; x_wconf 85' lang='lat' dir='ltr'>ulls</span> <span class='ocrx_word' id='word_1_119' title='bbox 1261 3411 1366 3468; x_wconf 83' lang='lat' dir='ltr'>retem.</span> 
     </span>
     <span class='ocr_line' id='line_1_24' title="bbox 1208 3523 1502 3599; baseline -0.01 -17"><span class='ocrx_word' id='word_1_120' title='bbox 1208 3523 1269 3599; x_wconf 77' lang='lat' dir='ltr'>(Tr.</span> <span class='ocrx_word' id='word_1_121' title='bbox 1291 3523 1320 3581; x_wconf 85' lang='lat' dir='ltr'><strong>V</strong></span> <span class='ocrx_word' id='word_1_122' title='bbox 1341 3524 1502 3596; x_wconf 67' lang='lat' dir='ltr'>nos-42)</span> 
     </span>
    </p>
   </div>
   <div class='ocr_carea' id='block_1_7' title="bbox 420 3663 1114 3753">
    <p class='ocr_par' dir='ltr' id='par_1_7' title="bbox 420 3663 1114 3753">
     <span class='ocr_line' id='line_1_25' title="bbox 420 3663 1114 3753; baseline 0.001 -21"><span class='ocrx_word' id='word_1_123' title='bbox 420 3664 535 3734; x_wconf 83' lang='lat' dir='ltr'>Amici</span> <span class='ocrx_word' id='word_1_124' title='bbox 558 3665 652 3733; x_wconf 90' lang='lat' dir='ltr'>enim</span> <span class='ocrx_word' id='word_1_125' title='bbox 678 3663 798 3734; x_wconf 87' lang='lat' dir='ltr'>fideles</span> <span class='ocrx_word' id='word_1_126' title='bbox 821 3665 925 3753; x_wconf 86' lang='lat' dir='ltr'>pauoi</span> <span class='ocrx_word' id='word_1_127' title='bbox 951 3671 1114 3733; x_wconf 83' lang='lat' dir='ltr'>manent:</span> 
     </span>
    </p>
   </div>
   <div class='ocr_carea' id='block_1_8' title="bbox 579 3834 1432 4260">
    <p class='ocr_par' dir='ltr' id='par_1_8' title="bbox 579 3834 1432 4028">
     <span class='ocr_line' id='line_1_26' title="bbox 579 3834 1432 3914; baseline -0.004 -19"><span class='ocrx_word' id='word_1_128' title='bbox 579 3834 715 3912; x_wconf 81' lang='lat' dir='ltr'>Cumque</span> <span class='ocrx_word' id='word_1_129' title='bbox 735 3834 938 3914; x_wconf 85' lang='lat' dir='ltr'>perhorruerit</span> <span class='ocrx_word' id='word_1_130' title='bbox 958 3835 1043 3894; x_wconf 82' lang='lat' dir='ltr'>ossus</span> <span class='ocrx_word' id='word_1_131' title='bbox 1064 3853 1133 3912; x_wconf 84' lang='lat' dir='ltr'>pere</span> <span class='ocrx_word' id='word_1_132' title='bbox 1154 3834 1286 3893; x_wconf 85' lang='lat' dir='ltr'>msxims</span> <span class='ocrx_word' id='word_1_133' title='bbox 1306 3838 1432 3910; x_wconf 81' lang='lat' dir='ltr'>nostros,</span> 
     </span>
     <span class='ocr_line' id='line_1_27' title="bbox 618 3949 1218 4028; baseline -0.002 -19"><span class='ocrx_word' id='word_1_134' title='bbox 618 3951 693 4010; x_wconf 81' lang='lat' dir='ltr'>Peri</span> <span class='ocrx_word' id='word_1_135' title='bbox 714 3951 804 4010; x_wconf 85' lang='lat' dir='ltr'>etium</span> <span class='ocrx_word' id='word_1_136' title='bbox 825 3949 905 4010; x_wconf 89' lang='lat' dir='ltr'>oredi</span> <span class='ocrx_word' id='word_1_137' title='bbox 926 3951 1114 4028; x_wconf 85' lang='lat' dir='ltr'>pertimuisse</span> <span class='ocrx_word' id='word_1_138' title='bbox 1135 3949 1218 4027; x_wconf 79' lang='lat' dir='ltr'>velit,</span> 
     </span>
    </p>

    <p class='ocr_par' dir='ltr' id='par_1_9' title="bbox 579 4064 1405 4260">
     <span class='ocr_line' id='line_1_28' title="bbox 579 4064 1405 4145; baseline -0.002 -19"><span class='ocrx_word' id='word_1_139' title='bbox 579 4066 838 4145; x_wconf 75' lang='lat' dir='ltr'>Naufragiumque</span> <span class='ocrx_word' id='word_1_140' title='bbox 860 4085 957 4125; x_wconf 91' lang='lat' dir='ltr'>meum</span> <span class='ocrx_word' id='word_1_141' title='bbox 979 4066 1095 4126; x_wconf 91' lang='lat' dir='ltr'>tumulo</span> <span class='ocrx_word' id='word_1_142' title='bbox 1115 4066 1255 4143; x_wconf 75' lang='lat' dir='ltr'>spectarit</span> <span class='ocrx_word' id='word_1_143' title='bbox 1275 4065 1313 4125; x_wconf 85' lang='lat' dir='ltr'>sb</span> <span class='ocrx_word' id='word_1_144' title='bbox 1334 4064 1405 4136; x_wconf 85' lang='lat' dir='ltr'>ulto,</span> 
     </span>
     <span class='ocr_line' id='line_1_29' title="bbox 618 4180 1357 4260; baseline -0.005 -18"><span class='ocrx_word' id='word_1_145' title='bbox 618 4185 680 4242; x_wconf 88' lang='lat' dir='ltr'>Neo</span> <span class='ocrx_word' id='word_1_146' title='bbox 701 4182 818 4242; x_wconf 89' lang='lat' dir='ltr'>dederit</span> <span class='ocrx_word' id='word_1_147' title='bbox 837 4182 923 4242; x_wconf 86' lang='lat' dir='ltr'>nunti</span> <span class='ocrx_word' id='word_1_148' title='bbox 944 4199 997 4260; x_wconf 93' lang='lat' dir='ltr'>per</span> <span class='ocrx_word' id='word_1_149' title='bbox 1018 4180 1094 4241; x_wconf 79' lang='lat' dir='ltr'>fretu</span> <span class='ocrx_word' id='word_1_150' title='bbox 1115 4200 1204 4242; x_wconf 80' lang='lat' dir='ltr'>neers</span> <span class='ocrx_word' id='word_1_151' title='bbox 1226 4197 1357 4256; x_wconf 83' lang='lat' dir='ltr'>menum,</span> 
     </span>
    </p>
   </div>
   <div class='ocr_carea' id='block_1_9' title="bbox 579 4293 1497 4489">
    <p class='ocr_par' dir='ltr' id='par_1_10' title="bbox 579 4293 1497 4489">
     <span class='ocr_line' id='line_1_30' title="bbox 579 4293 1456 4376; baseline -0.002 -19"><span class='ocrx_word' id='word_1_152' title='bbox 579 4299 760 4359; x_wconf 80' lang='lat' dir='ltr'>Semiueoem</span> <span class='ocrx_word' id='word_1_153' title='bbox 783 4299 889 4376; x_wconf 78' lang='lat' dir='ltr'>Stygis</span> <span class='ocrx_word' id='word_1_154' title='bbox 910 4297 1055 4358; x_wconf 81' lang='lat' dir='ltr'>reroossti</span> <span class='ocrx_word' id='word_1_155' title='bbox 1076 4296 1187 4372; x_wconf 73' lang='lat' dir='ltr'>(Cotto)</span> <span class='ocrx_word' id='word_1_156' title='bbox 1207 4296 1287 4357; x_wconf 90' lang='lat' dir='ltr'>solus</span> <span class='ocrx_word' id='word_1_157' title='bbox 1307 4295 1345 4356; x_wconf 85' lang='lat' dir='ltr'>sb</span> <span class='ocrx_word' id='word_1_158' title='bbox 1367 4293 1456 4355; x_wconf 85' lang='lat' dir='ltr'>undu.</span> 
     </span>
     <span class='ocr_line' id='line_1_31' title="bbox 1259 4409 1497 4489; baseline -0.013 -19"><span class='ocrx_word' id='word_1_159' title='bbox 1259 4412 1311 4489; x_wconf 88' lang='lat' dir='ltr'>(ib.</span> <span class='ocrx_word' id='word_1_160' title='bbox 1333 4409 1497 4483; x_wconf 74' lang='lat' dir='ltr'>elo-19)</span> 
     </span>
    </p>
   </div>
   <div class='ocr_carea' id='block_1_10' title="bbox 0 0 1894 5488">
    <p class='ocr_par' dir='ltr' id='par_1_11' title="bbox 0 0 1894 5488">
     <span class='ocr_line' id='line_1_32' title="bbox 0 0 1894 5488; baseline 0 0"><span class='ocrx_word' id='word_1_161' title='bbox 0 0 1894 5488; x_wconf 95' lang='lat' dir='ltr'> </span> 
     </span>
    </p>
   </div>
  </div>
 </body>
</html>
