3778 5488
949 789 1016 860 228

417 989 523 1076 (12.3)
560 1011 642 1060 cum
666 995 831 1080 precatus
855 997 965 1060 esset:
990 1010 1179 1074 ‚‚sera....
1205 990 1366 1060 dies...
1403 993 1538 1063 sit....

417 1137 489 1207 qua
523 1117 624 1186 iilum
647 1135 759 1205 gens
782 1136 863 1184 sua
885 1116 982 1185 caelo
1006 1115 1180 1198 adserat,”
1204 1116 1239 1184 in
1267 1115 1365 1185 Ludo
1388 1115 1449 1205 (10
1471 1121 1538 1206 sq.)

420 1241 620 1330 Augustum
638 1240 943 1310 vehementissime
957 1241 1177 1310 resistentem
1189 1241 1335 1324 inducit,
1348 1243 1539 1331 quominus

417 1365 585 1436 Claudius
608 1367 696 1435 deus
720 1364 781 1434 liat
800 1369 839 1452 1).

464 1490 551 1572 Quis
586 1491 670 1560 talia
705 1496 925 1578 exspectaret
959 1511 981 1559 a
1011 1491 1170 1579 sapiente
1193 1489 1264 1570 illu,
1287 1491 1348 1579 qui
1373 1492 1541 1581 magister

419 1636 556 1685 morum
575 1615 788 1704 aequalibus
811 1617 885 1684 suis
907 1622 943 1683 et
965 1635 1041 1684 esse
1068 1614 1175 1683 voluis
1197 1621 1234 1683 et
1256 1615 1324 1684 iuit
1341 1615 1398 1698 ²)‘i
1416 1615 1539 1705 Neque

419 1748 538 1831 postea
572 1761 655 1810 eum
692 1760 806 1809 mores
841 1760 924 1809 suos
959 1748 1113 1809 mutasse
1149 1740 1230 1808 inde
1259 1739 1419 1823 efficitur,
1444 1739 1535 1829 quod

418 1875 496 1954 post
528 1864 658 1934 alteros
691 1864 814 1934 decem
849 1883 961 1933 annos
995 1884 1102 1954 quem
1136 1871 1222 1934 tunc
1257 1865 1293 1932 in
1320 1863 1418 1933 Ludo
1441 1871 1477 1934 et
1501 1866 1536 1933 in

419 1988 517 2057 libris
551 1987 595 2056 de
629 1989 816 2058 clementia
839 1988 1041 2058 celebrabat
1064 1975 1247 2057 Neronem
1266 1988 1308 2057 de
1333 1987 1449 2057 medio
1472 1989 1538 2057 tol·

418 2110 563 2180 lendum
589 2113 726 2182 censuit
750 2113 814 2197 (cf.
839 2111 1010 2182 Gercke
1036 2133 1067 2202 p.
1090 2111 1180 2189 319).

462 2237 584 2306 Nonne
609 2237 734 2307 melius
756 2245 860 2328 poeta
878 2257 984 2327 quam
999 2237 1229 2328 pbilosopbus
1239 2237 1378 2326 generis
1391 2235 1539 2306 humani

419 2361 627 2450 dignitatem
650 2367 788 2430 tutatus
810 2361 887 2429 esti
908 2400 953 2410 -

462 2485 509 2553 At
533 2506 602 2555 uon
626 2485 740 2554 solum
764 2484 966 2554 adulatione
992 2459 1182 2554 Ovidius
1203 2505 1288 2553 usus
1311 2491 1375 2570 est,
1399 2490 1440 2553 ut
1464 2485 1539 2553 Au·

417 2615 520 2698 gusto
545 2608 774 2698 persuaderet
796 2608 967 2698 supplicio
991 2610 1096 2678 nimis
1107 2610 1206 2696 gravi
1218 2629 1255 2678 se
1267 2629 1344 2678 esse
1357 2608 1537 2679 affectum.

417 2733 548 2803 Contra
582 2733 731 2802 crimina
765 2741 881 2802 vetera
910 2773 954 2783 —
985 2733 1108 2802 Artem
1144 2733 1296 2802 dicit-
1319 2753 1356 2802 se
1381 2732 1539 2802 defendit

418 2857 591 2946 imprimis
613 2857 716 2925 Trist
741 2857 762 2925 l.
787 2857 817 2925 ll
842 2857 907 2940 (Gi.
930 2879 972 2925 ex
1000 2857 1037 2927 Ρ.
1054 2857 1539 2946 1113.49sqq.i,contendens

417 3001 454 3050 sc
483 2983 589 3050 vitam
615 3002 703 3071 pure
726 2982 838 3072 egisse
863 2982 1043 3072 usquead
1067 2983 1269 3064 „errorem”
1295 2981 1406 3064 illum,
1431 2969 1537 3069 quem

417 3105 560 3175 infitiari
584 3123 782 3196 numquam
806 3112 972 3176 conatur:

540 3303 610 3362 Vita
630 3307 729 3362 tsmm
751 3303 805 3362 tibi
828 3307 899 3363 nota
920 3321 986 3364 mea
1006 3308 1060 3363 est.
1081 3303 1138 3362 sois
1157 3304 1273 3362 artibus
1295 3303 1355 3362 illis

578 3418 717 3477 Auctoris
738 3435 834 3477 mores
854 3417 1034 3477 abstinuisse
1054 3419 1117 3478 sui:

537 3531 600 3592 Scis
621 3537 707 3592 vetus
727 3532 781 3591 boo
803 3533 904 3592 iuveni
926 3531 1025 3592 lusum
1047 3533 1119 3592 mibi
1140 3551 1271 3610 carmen,
1291 3538 1322 3593 et
1342 3533 1424 3610 istos,

578 3647 619 3707 Ut
640 3665 699 3706 non
720 3646 894 3718 laudandos,
915 3647 957 3706 sic
978 3651 1078 3706 tamma
1099 3665 1164 3708 esse
1185 3648 1272 3708 iocos.

1205 3763 1267 3840 (rr.
1290 3763 1305 3821 1
1326 3761 1499 3842 sss-aa).

418 4021 464 4079 88.
495 4019 536 4080 Gi.
559 4018 676 4081 Sueton.
699 4019 739 4080 ct.
764 4021 803 4080 28
826 4037 866 4098 sq.
890 4018 944 4078 llio
965 4020 1055 4078 6029
1077 4017 1174 4080 iuven.
1197 4018 1260 4080 XIV
1283 4021 1341 4081 329
1362 4038 1425 4100 sqq.
1446 4019 1539 4094 alios).

458 4136 488 4207 i)
529 4135 608 4195 Rall
631 4135 678 4195 the
699 4135 791 4196 Satira
813 4135 846 4195 ol
864 4134 970 4196 Seneca
993 4141 1045 4195 etc.
1069 4153 1130 4214 pag.
1155 4137 1223 4196 210.

458 4252 488 4322 2)
529 4250 571 4310 Gi.
611 4250 753 4311 Martha
786 4250 826 4310 les
849 4249 1008 4311 moralistes
1031 4269 1058 4330 p.
1081 4252 1209 4322 itt—itt,
1233 4250 1306 4322 „aui
1325 4250 1394 4312 zuei
1417 4250 1539 4314 Stitblen

418 4365 486 4426 aber
508 4384 542 4426 zu
562 4365 663 4436 sitzen,
684 4364 735 4426 das
760 4365 872 4426 uardie
885 4364 1540 4444 CbamcteriestiglroitSeneca’s[llioLXllO]

417 4480 611 4560 (Buclreler
632 4480 767 4561 Symbola
790 4487 842 4541 etc.
866 4499 893 4560 p.
916 4482 996 4560 35)”.
