3778 5488
982 783 1049 851 196

452 981 554 1050 fidem
580 981 715 1063 Thesei,
740 1002 845 1070 quem
859 982 1016 1050 carmine
1029 980 1197 1064 laudavit,
1211 979 1276 1048 sibi
1289 986 1415 1064 servet,
1428 980 1569 1070 qualem

450 1107 492 1174 ad
516 1107 551 1175 id
578 1127 689 1196 usque
713 1114 854 1196 tempus
878 1105 1071 1174 servaverit
1094 1109 1158 1190 (vs,
1183 1104 1228 1172 83
1251 1106 1337 1194 sq.):

609 1276 691 1336 Haeo
711 1276 776 1353 tibi,
798 1278 849 1354 qui
871 1281 986 1356 perstas
1006 1275 1205 1336 indeclinatus
1225 1277 1330 1354 amieo,

648 1392 715 1453 Nou
736 1393 881 1471 estquod
903 1393 1008 1469 lingua
1028 1391 1108 1452 dieta
1128 1398 1273 1470 querente
1294 1397 1388 1470 putes.

494 1551 677 1620 Atticus
712 1553 746 1620 in
784 1552 840 1620 Tr.
879 1551 1161 1620 V4Patmelus
1184 1557 1220 1619 et
1244 1550 1394 1639 Pylades
1417 1550 1571 1620 suusab

451 1673 576 1743 Ovidio
610 1675 821 1765 appellatur,
859 1695 950 1745 unus
984 1696 1028 1743 ex
1065 1676 1186 1763 paucis
1220 1676 1282 1764 qui
1315 1675 1436 1744 fideles
1470 1697 1571 1743 mau-

449 1804 574 1867 seruut
609 1799 695 1888 (35).
732 1800 838 1870 Poeta
874 1802 1005 1890 gratias
1040 1801 1072 1867 ei
1107 1801 1180 1889 agit
1214 1820 1278 1890 pro
1303 1807 1377 1885 „tot
1399 1819 1440 1868 ac
1463 1801 1570 1868 tantis

448 1924 572 1992 factis”
597 1923 672 2011 (47)
695 1941 731 1993 et
754 1932 841 2001 orat.
856 1932 895 1994 ut
906 1931 1110 1994 constanter
1123 1924 1313 2012 profugum
1326 1933 1471 1993 tueatur
1483 1921 1570 2012 (49).

392 2089 394 2092 -
452 2049 502 2116 Ex
538 2049 575 2118 P.
610 2049 641 2116 ll
676 2049 699 2118 4
732 2071 751 2117 e
786 2051 964 2118 centrario
999 2049 1042 2117 de
1072 2049 1179 2118 Attici
1204 2047 1272 2116 fide
1296 2049 1445 2128 dubitet,
1469 2049 1570 2116 cuius

449 2173 639 2242 iniidelitas
661 2182 780 2243 tamen
806 2174 1022 2244 incredibilis
1044 2173 1118 2241 fere
1142 2174 1174 2241 ei
1199 2175 1272 2242 visa
1294 2183 1365 2242 est:

609 2318 720 2396 linquid
742 2318 839 2379 adhue
861 2336 997 2378 remanes
1019 2335 1131 2377 memor
1151 2316 1279 2376 infelicis
1301 2318 1398 2394 aimei,

649 2435 766 2493 Deserit
786 2453 824 2493 un
846 2439 946 2512 partes
966 2433 1109 2511 languida
1129 2452 1202 2493 eura
1223 2434 1315 2493 suas?

609 2549 676 2608 Nou
700 2549 743 2608 ita
762 2549 792 2607 di
815 2550 888 2608 mihi
909 2556 980 2609 sunt
1000 2550 1109 2620 tristes,
1131 2554 1165 2609 ut
1185 2549 1306 2609 eredere
1327 2549 1435 2628 possim

647 2665 765 2743 Fasque
785 2671 885 2743 putem
907 2667 965 2725 iam
987 2671 1017 2725 te
1038 2684 1096 2725 uou
1121 2664 1289 2725 meminisse
1311 2665 1387 2724 mei.
1401 2711 1407 2724 .
1421 2708 1448 2724 ..

607 2779 653 2839 Ne
673 2785 773 2838 tamen
795 2780 867 2839 haee
888 2779 945 2838 diei
967 2780 1060 2857 pessit
1080 2779 1189 2840 fidueia
1212 2779 1342 2839 mendax

647 2894 804 2972 Stultaque
824 2894 985 2954 credulitas
1003 2900 1104 2955 nestra
1124 2894 1225 2967 fuisse,
1246 2913 1328 2972 ease,

605 3009 824 3088 constantique
844 3009 903 3070 fide
926 3016 1056 3070 veterem
1077 3015 1176 3070 tutare
1196 3010 1327 3070 sodalem

646 3125 712 3195 Qua
734 3124 804 3185 lieet
823 3131 854 3185 et
875 3130 1020 3204 quantum
1043 3143 1103 3184 non
1125 3143 1267 3186 onerosus
1287 3144 1348 3185 ero.

1208 3247 1263 3315 (rs.
1286 3244 1374 3318 3-6,
1397 3241 1529 3318 31-34)

490 3400 556 3469 Sed
592 3403 636 3468 de
671 3421 713 3468 eo
748 3402 875 3468 timore
911 3420 949 3468 se
982 3407 1129 3470 excusat
1163 3421 1205 3468 ex
1241 3400 1278 3470 P.
1304 3399 1334 3468 ΙΙ
1359 3399 1390 3484 7,
1415 3401 1569 3490 acceptis

446 3523 594 3592 sortasse
616 3525 661 3594 ab
683 3524 800 3594 Attico
824 3524 967 3593 litteris:

608 3668 675 3728 Nou
697 3669 791 3746 igitur
813 3685 926 3744 vereor,
948 3667 1020 3745 quia
1041 3671 1070 3727 te
1093 3675 1161 3727 resi·
1179 3684 1245 3728 esse
1267 3667 1441 3745 serendum,

647 3782 740 3844 (iuius
760 3801 844 3843 amor
864 3783 950 3844 nobis
971 3785 1097 3862 pignora
1120 3783 1201 3844 mille
1222 3783 1322 3844 dedit:

607 3897 664 3958 Sed
686 3900 757 3977 quia
778 3917 825 3958 ιιι
846 3900 952 3959 timida
972 3905 1017 3960 est
1038 3899 1134 3959 omnis
1156 3900 1265 3960 miser.
1279 3944 1286 3959 .
1299 3945 1325 3960 ..

604 4014 665 4074 Nee
688 4033 739 4073 ros
760 4033 853 4093 parra
873 4013 951 4074 datis
971 4015 1056 4092 pauni
1078 4015 1188 4075 aulaeis
1209 4016 1303 4092 uubis,

645 4130 776 4199 Quorum
798 4136 931 4208 spectata
950 4137 996 4190 est
1017 4148 1071 4209 per
1092 4130 1171 4191 mala
1191 4137 1293 4191 uestra
1314 4130 1397 4192 fides.

604 4244 717 4323 (inepta
738 4251 816 4316 tene,
837 4264 958 4324 quaeso,
979 4264 1077 4324 neque
1098 4248 1129 4306 iu
1153 4265 1282 4324 aequore
1302 4248 1406 4308 desere
1429 4266 1546 4322 narem,

651 4361 759 4438 Meque
783 4361 871 4420 simul
893 4380 982 4422 serra
1000 4362 1206 4441 iudiciumque
1228 4369 1322 4424 tuum.

1159 4483 1215 4554 (rs.
1237 4479 1366 4553 35-37,
1388 4480 1528 4554 el-es).
