3792 5486
996 691 1040 758 82

458 894 540 957 aute
574 889 694 958 oculos
730 895 940 970 versaretur,
975 889 1035 956 sed
1070 889 1175 957 simul
1210 909 1320 958 ovans
1351 889 1386 957 iu
1423 889 1574 977 patriam

457 1013 601 1082 reditus.
636 1012 725 1082 Cum
760 1012 885 1081 deinde
919 1014 1203 1103 reputaverimus
1234 1021 1320 1101 quot
1343 1033 1386 1082 ex
1409 1013 1462 1092 iis,
1486 1033 1575 1102 quos

457 1137 624 1208 Graeciae
661 1140 753 1208 viros
782 1141 953 1208 maximos
977 1147 1013 1208 et
1036 1139 1201 1228 aequales
1225 1139 1515 1207 existimaverunt
1539 1146 1575 1206 et

457 1263 667 1352 posteriores
708 1264 921 1342 existimant,
964 1263 1108 1331 exilium
1143 1262 1301 1346 tulerint,
1337 1283 1407 1332 nou
1444 1264 1572 1332 mirum

457 1386 632 1457 videbitur
676 1388 770 1478 apud
815 1387 1042 1478 philosophos
1089 1387 1345 1476 disputationes
1390 1387 1433 1455 de
1471 1387 1573 1456 exilio

455 1512 758 1600 quaestionesque,
783 1520 903 1580 utrum
919 1511 1050 1579 malum
1064 1512 1165 1580 sitan
1179 1511 1393 1596 indifferens,
1406 1511 1574 1599 frequen-

455 1635 588 1732 tissime
623 1656 808 1704 occurrere
843 1642 879 1704 et
913 1654 973 1705 eos
1007 1636 1050 1703 ad
1076 1656 1188 1705 unum
1213 1656 1336 1705 omnes
1360 1636 1573 1706 contendere

454 1759 694 1848 ignominiam,
718 1780 809 1847 quae
836 1760 938 1848 vulgo
961 1761 1054 1829 inter
1078 1761 1231 1829 maxima
1243 1760 1337 1829 exilii
1349 1761 1574 1830 incommoda

455 1883 615 1969 habetur,
633 1885 826 1973 sapientem
842 1886 985 1953 omnino
997 1893 1143 1973 tangere
1155 1905 1225 1954 non
1240 1905 1351 1974 posse.
1365 1883 1523 1965 Quarum
1543 1885 1573 1973 1)

453 2007 732 2097 disputationum
762 2009 960 2098 compendii
984 2010 1060 2079 loco
1084 2016 1168 2077 sunt
1190 2030 1282 2097 quae
1305 2010 1455 2098 legimns
1478 2010 1572 2099 apud

454 2131 684 2201 Plutarchum
719 2133 755 2200 in
792 2132 908 2201 libello
943 2133 987 2201 de
1021 2132 1125 2201 exilio
1149 2135 1194 2220 (c.
1219 2133 1289 2223 15),
1313 2135 1375 2222 qui
1400 2134 1572 2223 Diogenis,

453 2255 601 2337 Camilli,
636 2256 890 2340 Themistoclis,
925 2257 1112 2340 Ciceronis,
1142 2257 1315 2327 Timothei
1338 2257 1500 2347 exempla
1523 2258 1572 2326 ci-

453 2385 524 2461 tat3
560 2387 596 2447 et
618 2381 652 2448 in
679 2380 858 2450 Ciceronis
881 2381 971 2450 libro
995 2383 1119 2470 quinto
1142 2382 1424 2451 Tusculanarum
1450 2382 1572 2470 dispu-

453 2505 626 2572 tationum
681 2509 725 2590 (c.
770 2503 814 2572 37
868 2505 885 2594 ἕ
928 2504 1021 2595 107),
1067 2506 1127 2574 uhi
1182 2506 1407 2596 philosophos
1453 2505 1572 2573 exules

452 2635 639 2696 enumerat
673 2628 827 2716 dicitque
866 2650 986 2697 verum
1022 2631 1227 2718 sapientem,
1263 2629 1377 2718 qualis
1411 2629 1572 2698 Socrates

452 2751 530 2836 fuit,
568 2753 787 2820 mundanum
824 2773 860 2822 se
886 2761 1010 2843 putare
1034 2774 1149 2842 neque
1173 2755 1345 2824 consolari
1369 2752 1570 2823 exulantem

452 2897 534 2944 eum
559 2871 731 2966 oportere,
755 2899 835 2946 cum
862 2877 907 2945 ad
931 2899 1072 2946 omnem
1096 2881 1269 2948 rationem
1294 2879 1420 2947 Teucri
1435 2899 1501 2947 vox
1513 2898 1571 2947 ac-

452 3001 668 3069 commodari
681 3003 806 3089 possit:
822 3003 1006 3091 patriaest,
1016 3003 1231 3091 ubicumque
1244 3010 1297 3071 est
1308 3003 1405 3071 hene.
1416 3002 1569 3070 Patriam

453 3129 573 3193 autem
590 3124 796 3214 philosopho
809 3125 1104 3194 certetalemesse
1120 3148 1190 3194 non
1205 3147 1316 3216 posse,
1329 3127 1444 3215 qualis
1456 3125 1571 3215 Ephe-

452 3269 512 3317 sus
535 3249 653 3332 snerit,
666 3271 757 3338 quae
771 3250 1029 3319 Hermodorum
1043 3251 1234 3338 expelleret
1249 3252 1313 3320 hac
1326 3271 1434 3320 causa
1446 3249 1570 3317 allata:

453 3395 583 3460 „nemo
614 3375 657 3442 de
682 3374 783 3443 nobis
808 3395 899 3444 unus
922 3375 1087 3458 excellat3
1112 3376 1165 3443 sin
1190 3376 1270 3464 quis
1293 3375 1477 3457 exstiterit,
1501 3372 1570 3442 alio

451 3499 486 3565 in
511 3498 587 3568 loco
610 3506 647 3566 et
670 3499 763 3587 apud
788 3500 875 3568 alios
892 3499 970 3581 sit,''
985 3505 1047 3568 aut
1059 3499 1182 3588 quales
1194 3499 1354 3568 Athenae
1368 3499 1569 3581 Aristidem,

451 3623 545 3712 quod
581 3629 722 3712 praeter
757 3624 900 3692 modum
936 3625 1051 3692 iustus
1075 3630 1177 3708 esset,
1202 3625 1368 3692 eicientes
1391 3623 1454 3711 (ih.
1477 3621 1569 3710 105).

453 3745 622 3815 Seneca
647 3767 728 3815 vero
753 3747 788 3813 in
802 3747 1045 3816 consulatione.
1053 3748 1096 3815 ad
1112 3747 1271 3816 Helviam
1287 3753 1437 3815 matrem
1451 3745 1497 3836 (c.
1509 3743 1569 3834 13)

451 3870 663 3960 generaliter
673 3870 716 3937 de
729 3892 770 3940 eo
784 3873 950 3959 loquitur,
964 3873 1056 3960 quod
1070 3873 1263 3960 ignominia
1275 3873 1415 3961 sapiens
1427 3871 1570 3938 omnino

453 3995 585 4063 moveri
620 4015 689 4063 non
725 4001 849 4083 potest.
886 3995 924 4063 ln
949 3995 1046 4065 sonte
1070 4017 1113 4064 ex
1137 4016 1208 4083 quo
1233 3996 1349 4064 hausit
1372 3994 1571 4083 specialiter

491 4157 521 4228 l)
564 4155 604 4216 [lc
625 4155 670 4226 iis,
691 4174 765 4234 quaa
785 4164 958 4236 sequuntur,
979 4157 1143 4218 conseratur
1172 4158 1204 4217 Α.
1227 4155 1415 4226 Giesecke,
1432 4155 1467 4215 de
1480 4153 1569 4234 philo·

452 4271 609 4348 sophorum
643 4279 771 4333 veterum
803 4290 877 4351 quac
908 4272 943 4333 ad
975 4272 1097 4334 exilium
1128 4280 1254 4352 spectant
1278 4269 1435 4332 sententiis.
1458 4268 1570 4349 Lipsiae

452 4387 541 4456 ltltll,
563 4405 589 4465 p.
613 4388 652 4448 52
673 4404 736 4466 sqq.
