3778 5488
674 1797 1046 1908 CAPUT
1120 1797 1264 1907 IX.

884 2045 1042 2062 ww

482 2197 583 2293 udo
622 2198 794 2292 ANIMO
830 2197 1050 2291 EXlLlUM
1088 2198 1450 2292 PERTULERINT

807 2375 1127 2488 lNllUlRlTUR.

450 2605 569 2674 Restat
612 2611 651 2674 ut
684 2606 907 2694 inquiramus
943 2626 1013 2695 quo
1048 2606 1166 2674 animo
1201 2605 1333 2682 Cicero,
1370 2603 1526 2686 Ovidius,

404 2729 538 2799 Seneca
580 2730 722 2798 exilium
767 2731 960 2810 tolerarint,
998 2730 1058 2799 ubi
1092 2730 1308 2820 quaesierint
1342 2729 1525 2798 infortunii

403 2853 538 2936 solatia,
573 2875 658 2922 uum
694 2855 762 2924 cito
798 2875 895 2945 spem
920 2856 1113 2934 amiserint,
1137 2875 1207 2944 quo
1232 2874 1292 2923 eos
1315 2854 1527 2943 compulerit

402 2979 498 3048 salus
521 2977 716 3070 desperata.

446 3104 658 3174 Ciceroni
684 3105 837 3173 brevitas
860 3105 953 3172 exilii
976 3109 1012 3172 et
1035 3105 1105 3172 iam
1128 3124 1207 3172 mox
1223 3108 1367 3192 paratus
1380 3103 1524 3186 reditus

399 3251 470 3320 quo
495 3249 617 3298 omnes
640 3231 716 3299 eius
736 3231 964 3318 cogitationes
984 3228 1261 3318 occupabantur,
1274 3228 1524 3297 consolationis

401 3355 475 3422 sive
501 3375 520 3422 e
541 3354 762 3444 philosophia
787 3355 860 3422 sive
883 3373 903 3420 e
928 3351 1046 3421 labore
1070 3353 1293 3441 quaerendae
1306 3354 1442 3442 copiam
1456 3372 1525 3420 nou

401 3477 495 3547 fecit.
520 3477 597 3558 Quo
621 3479 739 3546 evenit
762 3485 801 3546 ut
824 3478 964 3545 animus
987 3479 1063 3545 eius
1082 3479 1118 3545 in
1133 3478 1213 3546 unis
1228 3478 1526 3547 vicissitudinibus

401 3602 682 3692 contemplandis
724 3601 861 3670 defixus
906 3603 996 3670 inter
1038 3623 1137 3691 spem
1173 3602 1524 3692 desperationemque

402 3725 579 3796 fluctuans
599 3747 680 3796 cum
708 3727 864 3795 variante
887 3727 1031 3795 fortuna
1056 3727 1129 3815 ipse
1153 3746 1295 3816 quoque
1316 3732 1524 3794 mutaretur.

401 3851 488 3940 Spes
511 3857 630 3919 autem
656 3871 737 3920 cum
761 3873 803 3920 ea
828 3873 895 3920 non
920 3857 1022 3934 esset,
1042 3872 1229 3941 quaecum
1245 3851 1523 3941 proficiscentem

401 3982 587 4064 prosecuta
621 3982 698 4044 erat
729 3976 787 4062 (ad
812 3977 884 4045 Att.
909 3976 957 4044 Ill
981 3977 1051 4065 72)
1075 4017 1119 4027 -
1143 3978 1261 4046 triduo
1282 3997 1422 4045 summa
1443 3996 1525 4045 oum

401 4101 512 4186 gloria
547 4120 583 4168 se
618 4119 694 4169 esse
730 4100 928 4168 rediturum
964 4101 1023 4188 (ud
1049 4100 1088 4181 Q.
1115 4103 1157 4171 lr.
1183 4102 1197 4170 l
1221 4101 1292 4189 tt)
1318 4143 1357 4151 —
1382 4100 1526 4170 aliunde

399 4225 549 4292 salutem
574 4233 777 4314 exspectare
802 4225 962 4293 debebat.
988 4225 1106 4293 Primo
1132 4235 1266 4295 motum
1289 4225 1526 4316 reipublicae,

398 4349 458 4438 qui
492 4348 637 4418 discidio
676 4348 816 4438 Pompei
850 4357 886 4417 et
917 4349 1026 4419 Clodii
1060 4350 1205 4418 futurus
1229 4371 1304 4418 esse
1329 4350 1525 4424 dicebatur.
