3734 5518
937 685 981 755 78

400 885 599 972 χιλιοφόρου,
638 883 709 949 aoei'
731 893 887 967 nunrjpwr
925 883 983 947 dno
1019 891 1195 964 κεκτῆσθαι
1227 893 1334 964 ·μη“τε
1374 883 1518 965 δούλοις,-

396 1021 416 1096 η“
448 1017 502 1076 καὶ
531 1011 774 1095 ἀπελευθέροις,
804 1011 885 1093 ὑπὲρ
925 1011 1023 1075 ri'aoor
1056 1013 1244 1102 zpipodurl)
1274 1011 1377 1093 ’μήτ’
1402 1013 1515 1077 ouor'oer

395 1141 475 1222 ὑπὲρ
515 1139 642 1204 δώδεκα
687 1143 741 1202 καὶ
773 1140 921 1221 ἡμίσειαν
954 1138 1097 1222 μυριάδα
1133 1138 1232 1223 ἔχειν.
1270 1140 1350 1227 (Dio
1388 1140 1514 1228 5627).

396 1267 494 1349 Quae
529 1267 746 1338 consuetudo
782 1272 903 1357 postea
936 1287 1078 1356 quoque
1112 1268 1147 1335 in
1175 1287 1240 1335 usu
1272 1267 1452 1349 remansit,
1477 1271 1518 1333 ut

396 1399 544 1482 apparet
566 1413 607 1460 ex
629 1392 761 1461 Seneca
784 1395 894 1475 (cons.
918 1391 963 1459 ad
987 1391 1078 1459 Hm.
1104 1390 1212 1476 12.4);
1237 1397 1515 1479 „eotemporum

397 1517 537 1585 luxuria
572 1516 734 1606 prolapsa
768 1527 832 1598 est,
866 1523 905 1585 ut
940 1516 1054 1584 maius
1091 1517 1255 1585 viaticum
1291 1515 1435 1583 exulum
1472 1515 1517 1582 sit

396 1662 504 1730 quam
539 1642 621 1710 olim
648 1642 898 1730 patrimonium
926 1643 1122 1730 principum
1150 1641 1250 1709 fuit.'’
1297 1639 1395 1721 Quae
1420 1661 1516 1710 com-

399 1766 502 1836 moda
536 1765 729 1835 effecerunt
762 1776 801 1833 ut
836 1765 999 1854 relegatis
1023 1765 1098 1832 leve
1124 1763 1255 1832 malum
1280 1773 1373 1833 esset
1395 1784 1515 1832 carere

398 1891 578 1981 patriasin
603 1912 673 1979 qua
687 1911 757 1959 uon
770 1890 923 1980 amplius
935 1897 1022 1981 quot
1034 1897 1214 1958 senatores
1225 1898 1278 1958 tot
1290 1909 1390 1976 reges
1402 1896 1514 1964 erant.

396 2016 456 2084 sed
492 2035 586 2083 unus
620 2036 681 2083 rex
715 2024 751 2083 et
785 2016 892 2083 ceteri
928 2016 1037 2099 servi3
1072 2015 1265 2105 deportatis
1302 2035 1382 2083 vero
1421 2014 1516 2080 velut

397 2160 518 2209 carcer
540 2159 666 2230 aspera
685 2146 721 2208 et
743 2140 883 2208 deserta
908 2139 982 2208 fere
1007 2139 1259 2229 designabatur
1284 2158 1391 2228 rupes
1416 2136 1515 2206 habi-

397 2265 574 2348 taculum3
598 2263 690 2331 bona
715 2262 1001 2352 publicabantur3
1023 2263 1515 2352 mortepaenegraviusonus

397 2388 653 2477 imponebatur.

444 2511 567 2600 itaque
601 2511 703 2580 exilio
738 2532 780 2579 ex
815 2532 971 2602 „poenae
1007 2511 1188 2602 perfugio”
1223 2533 1336 2601 poena
1359 2512 1515 2601 legitima

397 2636 517 2720 sacto„
536 2636 717 2719 damnum,
753 2637 848 2725 quod
881 2637 1086 2705 incurrebat
1117 2657 1209 2716 reus,
1243 2637 1356 2705 maius
1379 2637 1512 2706 factum

396 2769 460 2844 est,
482 2759 676 2848 ignominia
699 2769 828 2843 tamen,
852 2782 943 2849 quae
966 2763 1077 2830 civem
1090 2762 1277 2851 expulsum
1290 2760 1513 2852 sequebatur,

398 2886 528 2952 minor:
554 2904 614 2953 reo
636 2905 718 2967 non,
744 2893 782 2951 ut
806 2891 922 2968 antea,
944 2885 987 2953 de
1010 2888 1201 2970 communi,
1218 2887 1514 2975 quaedicebatur‚

396 3009 572 3076 sententia
595 3009 755 3077 omnium
776 3009 905 3078 civium
931 3029 1075 3080 suorum
1101 3011 1353 3079 commercium
1379 3011 1515 3100 praeci-

396 3132 548 3200 debatur
580 3151 696 3220 neque
731 3141 771 3200 ut
804 3133 880 3201 eius
914 3135 1158 3222 contagionem
1197 3136 1348 3204 vitarent
1389 3134 1515 3223 reliqui

398 3256 648 3341 monebantur;
683 3257 742 3324 sed
779 3259 808 3326 si
839 3258 918 3346 quis
950 3259 1055 3328 unius
1086 3259 1318 3348 imperatoris,
1342 3279 1447 3348 saepe
1470 3257 1514 3328 ob

397 3402 522 3451 causas
557 3382 711 3471 privatas
749 3382 801 3449 vel
825 3383 949 3451 saltem
977 3383 1079 3472 vulgo
1103 3383 1308 3471 incognitas,
1333 3384 1368 3450 in
1394 3382 1513 3452 odium

400 3507 560 3590 venisset,
594 3507 626 3573 ei
650 3526 720 3574 non
745 3514 929 3595 tamquam
953 3508 1122 3595 dignitate
1146 3507 1238 3576 civili
1262 3508 1332 3574 iam
1361 3506 1514 3594 indigno,

396 3629 455 3698 sed
491 3629 555 3698 soli
581 3631 729 3718 principi
753 3631 892 3719 ingrato
918 3631 969 3697 vei
992 3630 1217 3700 formidoloso
1241 3632 1401 3700 custodia
1424 3630 1516 3698 desi·

395 3755 581 3844 gnabatur.
606 3753 674 3834 Qui
696 3762 816 3824 autem
840 3755 1089 3823 damnatorum
1103 3755 1295 3824 familiares
1306 3762 1419 3840 erant,
1432 3776 1513 3825 cum

396 3880 539 3946 omnino
564 3878 669 3947 buius
692 3880 862 3967 temporis
885 3899 1048 3966 proceres
1070 3880 1209 3948 amissis
1228 3901 1309 3948 cum
1324 3879 1515 3969 republica

396 4002 506 4070 solitis
541 4002 831 4091 occupationibus
866 4013 938 4071 tam
974 4003 1108 4072 fervide
1145 4004 1341 4074 Stoicorum
1387 4004 1515 4092 placita

396 4125 668 4210 admirarentur,
690 4135 729 4195 ut
740 4127 783 4195 iis
795 4127 880 4196 Cato
893 4127 1057 4196 defensor
1070 4127 1215 4197 ultimus
1228 4126 1400 4196 libertatis
1412 4134 1514 4211 esset,

397 4289 609 4299 *—

438 4385 470 4463 r)
511 4384 553 4444 cr.
575 4384 629 4445 oro
652 4387 720 4446 aaa
743 4384 761 4445 i.
783 4386 801 4445 r.
