3778 5488
931 641 998 710 204

401 839 547 907 intimus
570 837 770 908 Germanici
794 837 854 924 (ib.
878 838 957 907 525
979 840 1058 928 sq.)‚
1083 847 1123 907 ut
1147 860 1209 927 pro
1233 859 1270 907 se
1294 838 1401 921 „deos
1423 837 1521 907 oret'’

401 971 436 1032 et
460 963 691 1044 mutationem
715 963 784 1033 luci
806 963 901 1032 exuli
924 963 1063 1032 efficere
1087 970 1252 1035 conetur:

560 1125 645 1195 Quod
666 1125 808 1204 quoniam
829 1125 860 1184 in
882 1125 928 1185 die
948 1133 1002 1196 oet,
1024 1129 1137 1200 mmpta
1156 1125 1251 1186 lenire
1272 1124 1419 1204 precando

599 1242 740 1318 Numine,
763 1248 905 1320 perpetua
926 1261 1003 1320 quae
1023 1243 1133 1320 pietate
1152 1241 1233 1302 colis.

1240 1356 1291 1431 (ib.
1315 1357 1402 1416 1523
1423 1361 1481 1434 eq.)

445 1489 641 1558 Rufinus
658 1489 846 1579 epistulam
860 1489 1130 1559 consolatoriam
1145 1488 1269 1558 Ouidio
1283 1490 1521 1578 miseratque

401 1614 575 1684 referebat
610 1621 791 1699 „veterum
827 1615 989 1705 exempla
1015 1615 1182 1697 virorum,
1205 1615 1267 1704 qui
1290 1613 1372 1683 sorti
1397 1634 1518 1683 casnm

401 1747 518 1808 mente
552 1739 739 1825 tulerint”;
773 1738 934 1810 rescribit
958 1738 1051 1808 Naso
1075 1738 1159 1808 talia
1184 1739 1328 1808 minimo
1351 1738 1416 1806 sibi
1441 1739 1519 1806 usui

398 1885 474 1934 esse
498 1867 629 1955 quippe
652 1866 714 1955 qui
736 1867 897 1956 graviore
920 1865 1121 1934 calamitate
1144 1884 1250 1952 quam
1276 1863 1384 1933 ceteri
1396 1882 1519 1932 omnes

400 1991 444 2058 sit
478 1989 635 2074 allectus
673 2010 742 2058 non
778 1996 897 2058 tamen
934 1989 1012 2057 ideo
1047 1987 1113 2058 sibi
1138 1991 1255 2058 minus
1276 1994 1419 2076 gratum
1443 2007 1519 2056 esse

399 2136 576 2185 animum:

560 2259 689 2319 Reddita
708 2259 850 2320 confusae
868 2278 965 2337 nuper
985 2259 1094 2319 solacia
1116 2259 1208 2319 menti

597 2374 753 2435 Auxilium
776 2376 884 2436 nostris
904 2393 1047 2454 spemque
1068 2375 1165 2435 tulere
1186 2373 1280 2434 malie.

1186 2491 1237 2568 (ex
1258 2491 1292 2552 P.
1313 2491 1329 2550 1
1350 2493 1398 2550 3.3
1419 2493 1476 2568 eq.)

443 2623 491 2690 Ex
517 2623 554 2692 P.
578 2623 625 2691 lll
649 2621 671 2692 4
694 2631 798 2712 poeta
821 2623 988 2694 Rufinum
1013 2624 1097 2706 adit,
1112 2630 1150 2693 ut
1162 2624 1282 2692 favore
1295 2644 1359 2693 suo
1372 2643 1515 2693 carmen

397 2746 630 2830 commendet,
654 2749 747 2838 qnod
773 2751 962 2838 scripserat
985 2748 1029 2817 de
1053 2749 1234 2837 triumpho
1257 2747 1397 2818 Tiberii.

441 2870 653 2942 Tuticani
677 2873 830 2962 collegae
854 2894 955 2943 amor
978 2873 1121 2964 quidem
1146 2881 1312 2944 constans
1334 2872 1512 2954 laudatur,

396 2995 456 3065 sed
492 3005 640 3087 apparet
675 2996 839 3067 Ovidium
875 2998 921 3067 ab
955 3019 996 3068 eo
1024 3018 1094 3067 non
1121 2998 1273 3068 multum
1297 3004 1517 3088 exspectasse

396 3119 560 3191 subsidii:

518 3264 575 3325 Sed
597 3267 680 3344 princ
700 3266 768 3327 bnio
789 3266 888 3327 desint
908 3271 938 3327 et
959 3267 1038 3327 belle
1058 3273 1088 3327 et
1109 3266 1222 3346 frigora
1243 3272 1419 3327 terrae...

515 3381 611 3452 Quam
632 3387 685 3442 tua
705 3383 766 3442 nint
787 3382 874 3443 laceo
886 3382 1059 3460 praecordia
1078 3381 1154 3442 dura
1174 3382 1267 3442 sodali
1280 3429 1286 3442 .
1300 3429 1306 3444 .
1320 3427 1348 3443 ..

518 3498 564 3557 Tu
588 3496 674 3557 modo
698 3515 749 3575 per
769 3516 901 3576 superos,
922 3515 1048 3576 qnorum
1070 3499 1252 3558 certissimus
1272 3497 1324 3558 ille
1343 3503 1398 3574 eet,

554 3614 620 3683 Quo
641 3618 711 3672 tune
731 3613 850 3673 assidue
871 3614 1004 3692 principe
1024 3614 1119 3673 crevit
1141 3614 1243 3692 bonor,

514 3729 605 3797 llffioe
624 3731 773 3789 constanti
795 3728 954 3808 profugum
976 3731 1087 3809 pietate
1108 3731 1229 3809 tuendo,

553 3845 600 3904 Ne
620 3850 739 3922 sperata
761 3863 857 3904 meam
878 3844 996 3906 deserat
1016 3864 1090 3906 aura
1111 3852 1214 3906 ratem.

960 3964 1011 4036 (ex
1032 3960 1066 4020 P.
1088 3961 1133 4019 IV
1156 3964 1252 4040 1233,
1275 3964 1323 4039 3⁷,
1345 3962 1479 4041 39-42)

441 4090 641 4161 Vestalis
676 4091 839 4181 denique,
873 4113 980 4183 quem
1005 4100 1108 4183 poeta
1131 4095 1190 4182 (ex
1214 4093 1250 4163 P.
1274 4095 1321 4164 lV
1344 4095 1379 4181 7)
1405 4101 1517 4186 rogat,

397 4229 433 4284 ut
470 4217 569 4286 testis
603 4215 668 4285 sibi
705 4218 760 4299 sit,
796 4237 832 4285 se
862 4238 930 4286 non
955 4217 1043 4286 falsa
1066 4220 1168 4307 queri
1191 4220 1314 4300 solere,
1338 4240 1517 4311 quemque

393 4360 511 4409 aorem
537 4341 683 4412 militem
707 4342 875 4433 depingit,
896 4343 1018 4432 procul
1032 4342 1139 4413 dubio
1152 4346 1517 4416 anteaiuterintimos
