3778 5488
947 673 1015 742 188

421 871 493 940 nu.
528 871 543 938 1
577 870 672 955 to.5;
706 870 780 941 161
798 909 800 916 >
818 879 853 940 et
886 872 946 962 10)
980 881 1016 942 et
1050 873 1226 962 imprimis
1262 874 1410 942 sortasse
1445 875 1537 962 quod

420 996 598 1065 Ciceronis
620 997 842 1066 consulatum
868 999 990 1067 iocans
1012 997 1203 1062 donodono
1225 999 1455 1086 vocasset(ib.
1468 997 1539 1087 13),

420 1121 541 1192 cicero
578 1122 803 1191 vehementer
831 1123 997 1224 invectus
1020 1133 1074 1194 est
1097 1126 1156 1211 (ib.
1183 1125 1200 1214 §
1223 1123 1261 1214 1)
1284 1125 1537 1193 cierationem

419 1247 525 1315 etiam
561 1286 605 1298 -
638 1250 674 1316 in
710 1246 870 1317 Clodium
901 1254 938 1317 et
960 1248 1149 1319 Curionem
1176 1291 1215 1300 -
1241 1251 1390 1340 scripsit.
1415 1247 1539 1318 Postea

421 1391 513 1455 vero,
538 1393 619 1440 curn
643 1371 758 1458 Curio,
779 1372 890 1441 filium
904 1379 1057 1459 secutus,
1071 1382 1194 1445 contra
1206 1374 1366 1445 Clodium
1381 1392 1539 1463 pugnare

420 1497 600 1584 coepisset,
642 1494 764 1565 Cicero
806 1498 1003 1566 orationem
1045 1500 1262 1587 compressit,
1305 1519 1414 1588 quam
1456 1518 1537 1566 cnm

420 1620 648 1690 nihilominus
682 1639 719 1689 se
750 1620 851 1690 exule
875 1629 911 1690 et
933 1623 1041 1692 invito
1066 1623 1239 1712 prolatam
1264 1622 1412 1708 audiret,
1440 1622 1538 1691 valde

419 1747 589 1816 sollicitus
607 1753 702 1816 erat:
727 1745 957 1830 „percussisti
980 1756 1099 1818 autem
1125 1770 1181 1818 me
1205 1750 1310 1817 etiam
1324 1748 1537 1816 deoratione

419 1871 566 1960 prolata.
601 1870 665 1940 Oui
698 1873 844 1952 vulneri,
869 1879 909 1942 ut
931 1874 1066 1953 scribis,
1092 1874 1242 1954 medere,
1267 1876 1295 1942 si
1319 1873 1402 1962 quid
1429 1884 1537 1962 potes.

419 1997 550 2086 Scripsi
574 1997 738 2085 equidem
761 1996 845 2065 olim
868 1997 899 2064 ei
923 1998 1045 2079 iratus,
1070 1998 1162 2087 quod
1188 1998 1246 2066 iile
1271 1999 1368 2087 prior
1390 1999 1535 2088 scripse·

419 2127 491 2208 rat;
524 2123 583 2191 sed
618 2123 667 2190 ita
697 2141 986 2209 compresseram,
1011 2130 1050 2190 ut
1075 2143 1270 2212 numquam
1290 2129 1535 2192 emanaturam

419 2251 593 2338 putarem.
617 2245 694 2326 Quo
718 2246 822 2315 modo
842 2246 1010 2315 exciderit
1023 2248 1150 2318 nescio.
1164 2247 1230 2316 Sed
1244 2249 1328 2337 quia
1341 2269 1536 2338 numquam

417 2369 555 2455 accidit,
592 2378 631 2440 ut
665 2392 746 2440 cum
781 2391 823 2440 eo
857 2372 963 2440 verbo
1001 2367 1072 2441 uuo
1107 2380 1359 2453 concertarem,
1395 2381 1430 2442 et
1453 2374 1537 2463 quia

418 2496 549 2584 scripta
585 2494 671 2563 mihi
706 2495 846 2565 videtur
880 2498 1122 2588 neglegentius
1145 2518 1252 2586 quam
1277 2505 1426 2581 ceterae,
1451 2505 1536 2588 puto

418 2638 518 2708 posse
553 2619 696 2709 probari
731 2641 800 2689 uon
836 2641 911 2690 esse
948 2643 1063 2691 meam
1088 2623 1147 2709 (ad
1172 2624 1243 2691 ntt.
1269 2623 1316 2692 111
1339 2623 1443 2713 122).
1468 2621 1534 2691 Sed

417 2744 501 2833 quid
526 2745 656 2814 Ouxioi
680 2746 734 2813 An
759 2745 853 2814 illam
880 2748 1074 2816 orationem
1099 2769 1167 2817 non
1193 2747 1301 2837 legit?
1323 2748 1359 2833 (i.
1373 2767 1407 2836 q.
1420 2767 1536 2816 nonne

417 2869 525 2957 legiti
567 2867 703 2959 Boot).
748 2870 845 2951 Quae
882 2873 974 2940 unde
1009 2873 1054 2940 sit
1089 2871 1226 2963 prolata
1261 2874 1388 2943 nescio.
1425 2872 1536 2942 Axius

416 2994 573 3062 eiusdem
586 2994 656 3063 diei
669 2995 826 3066 scribens
836 2997 881 3064 ad
896 3017 952 3065 me
964 3006 1044 3066 acta
1056 3019 1126 3067 non
1139 2999 1189 3068 ita
1200 2998 1323 3068 laudat
1334 2997 1535 3067 Curionem.

416 3119 463 3187 nt
487 3126 602 3208 potest
624 3121 681 3189 ille
705 3122 838 3211 aliquid
861 3125 1142 3212 praetermittere
1155 3123 1355 3212 (ib.i5.3)'’.
1371 3123 1419 3190 De
1432 3124 1535 3191 domo

416 3243 593 3314 Ciceronis
633 3253 719 3316 tunc
760 3249 930 3337 temporis
964 3248 1102 3337 publice
1138 3247 1347 3336 privatimve
1381 3286 1425 3298 -
1458 3253 1536 3316 erat

414 3377 534 3440 autem
569 3372 662 3440 iuter
698 3371 881 3462 pontifices
904 3407 952 3422 -·
971 3373 1103 3462 aliquid
1129 3373 1256 3441 dixisse
1282 3373 1438 3441 videtur:
1463 3371 1534 3456 „De

415 3495 520 3564 domo
543 3502 579 3564 et
602 3495 765 3565 Curionis
787 3497 954 3577 oratione,
978 3504 1019 3565 ut
1042 3497 1175 3576 scribis,
1199 3498 1248 3565 ita
1271 3495 1534 3586 est(ib.20.2)”.

416 3619 498 3688 Post
520 3620 673 3689 reditum
697 3621 790 3689 idern
817 3623 973 3710 pontifex
997 3621 1157 3692 Ciceroni
1181 3621 1373 3690 auxiliatur
1385 3621 1445 3710 (de
1460 3623 1533 3689 har.

415 3765 505 3833 resp.
529 3744 588 3831 11)
611 3751 646 3814 et
670 3767 700 3813 a.
724 3745 769 3814 56
793 3747 892 3815 bonis
916 3752 1175 3816 annumeratur
1198 3747 1255 3832 (ad
1281 3745 1321 3826 Q.
1346 3746 1389 3816 fr.
1408 3744 1534 3834 1132).

460 3869 785 3940 G.Scribouius
805 3871 939 3940 Curio
966 3871 1534 3961 iiliusipsedixeratsemiran·

414 3995 499 4063 dum
525 3996 560 4063 iu
586 3995 731 4064 modurn
756 4016 878 4085 „reges
902 3995 1014 4065 odisse
1038 3996 1229 4085 supcrb0s”
1254 3995 1534 4084 (contonat)

415 4128 451 4186 et
486 4119 623 4187 Vettius
658 4120 762 4188 index
794 4140 876 4188 eum
900 4121 936 4187 in
961 4121 1195 4208 suspicionem
1221 4121 1387 4189 facinoris
1410 4132 1534 4189 contra

414 4244 618 4313 triumviros
643 4245 801 4313 meditati
824 4245 1000 4314 adducere
1023 4252 1171 4314 conatos
1194 4251 1248 4314 est
1267 4245 1326 4331 (ib.
1340 4243 1417 4313 242
1429 4245 1531 4334 sqq).

413 4367 513 4448 Quod
556 4368 675 4439 Clodio
710 4390 851 4459 quoque
891 4371 1055 4440 inimicus
1089 4377 1166 4439 erat
1200 4370 1260 4456 (ib.
1295 4370 1389 4438 122:
1425 4389 1530 4439 suum
