3734 5518
329 953 366 1000 se
400 938 584 1020 comparat
618 937 653 1000 et
687 930 732 1000 ab
767 931 856 999 aliis¹
876 935 1104 1020 comparatur
1121 930 1161 1017 ¹),
1188 947 1276 1017 puer
1298 927 1447 996 fortasse

329 1057 395 1125 sibi
429 1057 506 1125 eius
539 1056 687 1143 gloriam
721 1054 881 1125 bellicam
916 1055 1116 1139 somniavit,
1150 1053 1210 1121 sed
1237 1073 1317 1122 mox
1343 1053 1447 1121 breve

328 1181 530 1252 tirocinium
549 1183 579 1270 2)
602 1201 684 1250 eum
709 1181 829 1250 docuit
852 1182 998 1249 meliora
1021 1200 1087 1248 nec
1101 1177 1226 1247 deiude
1239 1179 1290 1246 rei
1304 1177 1447 1245 militari

329 1305 465 1375 studuit
487 1312 523 1374 et
546 1307 615 1374 iam
633 1306 694 1374 diu
707 1313 789 1375 ante
802 1326 879 1374 eam
893 1310 1057 1389 aetatem,
1070 1324 1141 1394 qua
1156 1303 1290 1372 Marius
1302 1323 1447 1371 cursum

330 1431 503 1501 honorum
537 1432 718 1521 inceperat
752 1429 800 1520 (a.
834 1429 902 1498 449
928 1431 1288 1518 tricesimum·.agens
1311 1449 1445 1497 annum

328 1555 494 1623 tribunus
518 1555 628 1643 plebis
651 1555 768 1625 lactus
790 1556 860 1643 est)
884 1555 1031 1624 alteram
1060 1554 1164 1638 viam,
1185 1575 1276 1644 quae
1300 1553 1445 1642 quidem

330 1680 461 1748 bomini
474 1699 564 1749 novo
578 1679 730 1769 patebat,
743 1681 923 1769 ingressus
935 1685 997 1747 est.
1015 1677 1105 1746 Nam
1121 1678 1233 1762 „duae
1246 1686 1329 1747 sunt
1341 1684 1446 1762 artes,

327 1823 417 1893 quae
443 1810 589 1892 possunt
612 1803 728 1880 locare
753 1804 913 1873 homines
935 1804 972 1871 iu
997 1803 1214 1892 amplissimo
1237 1803 1349 1892 gradu
1371 1803 1447 1893 dig·

332 1927 471 1996 nitatis:
515 1949 587 1996 una
628 1929 862 2017 imperatoris,
897 1928 1009 1996 altera
1043 1928 1193 1996 oratoris
1227 1927 1330 1995 boni”
1367 1928 1447 2016 (pro

329 2051 419 2122 Mur.
443 2053 511 2138 30).
537 2052 670 2121 Deinde
694 2052 815 2122 Cicero
838 2073 943 2121 suurn
968 2030 1003 2121 iu
1032 2053 1356 2121 Mariumamorem
1375 2053 1445 2141 sig-

328 2178 448 2250 uificat
471 2178 628 2246 carmine
651 2179 687 2246 in
715 2177 792 2246 eius
821 2178 989 2246 honorem
1014 2179 1208 2267 composito
1220 2183 1256 2246 et
1267 2177 1443 2267 frequenti

330 2302 432 2371 Marii
473 2303 626 2370 nominis
662 2303 839 2371 mentione
855 2306 895 2388 ³),
931 2302 1060 2392 quibus
1093 2303 1266 2392 imprimis
1300 2323 1336 2371 se
1367 2303 1441 2392 ipse

326 2427 573 2497 commendare
587 2427 715 2495 studet.
728 2425 816 2496 Cum
831 2429 939 2517 igitur
951 2428 1070 2496 Marco
1079 2433 1256 2497 constaret
1265 2427 1442 2517 quomodo

326 2552 457 2640 ingenii
479 2550 535 2619 sui
558 2551 699 2620 dotibus
724 2557 893 2636 uteretur,
907 2571 995 2641 quas
1009 2551 1112 2642 plena
1127 2572 1234 2620 manu
1247 2551 1442 2621 Fortunam

325 2677 356 2745 ei
380 2676 542 2766 largitam
567 2695 643 2744 esse
667 2677 737 2745 iam
750 2677 787 2744 in
800 2677 951 2766 pueritia
963 2682 1177 2766 apparuerat
1190 2677 1296 2761 (Plut.
1311 2675 1379 2746 Cic.
1394 2675 1442 2764 2),

325 2807 425 2870 tanta
459 2801 577 2869 statim
601 2800 777 2870 industria
800 2803 836 2869 in
861 2801 977 2870 studia
1000 2801 1175 2886 incubuit,
1203 2807 1243 2870 ut
1267 2802 1444 2870 consuetis

323 2925 583 2994 adulescentiae
619 2925 859 3014 voluptatibus
893 2926 1037 2994 omnino
1071 2925 1277 3010 abstineret,
1314 2946 1374 2994 eas
1398 2947 1442 2994 ne

322 3049 539 3119 desideraret
562 3049 705 3140 quidem
721 3052 762 3138 4),
788 3056 931 3136 „noctes
953 3056 989 3117 et
1002 3050 1125 3118 diesin
1139 3051 1297 3119 omnium
1311 3051 1442 3122 doctri·

325 3194 452 3242 narum
478 3175 704 3243 meditatione
730 3179 940 3258 versaretur,
965 3174 1010 3242 ab
1033 3174 1345 3243 exercitationibus
1362 3194 1442 3241 ora-

325 3299 424 3369 toriis
454 3300 573 3368 nullus
596 3300 670 3368 dies
703 3319 837 3370 vacuus
860 3299 974 3367 esset''
997 3298 1083 3386 (Cic.
1108 3299 1207 3367 Brut.
1230 3297 1298 3366 308
1320 3302 1387 3387 sq.)
1403 3302 1442 3384 ⁵).

327 3437 538 3446 ..n——

366 3499 397 3570 4)
438 3495 498 3576 [lg.
518 3496 616 3558 lureu.
638 3495 703 3557 Vlll
725 3498 793 3568 937,
814 3499 881 3557 att.

366 3613 395 3685 2)
436 3611 467 3672 ln
490 3612 565 3673 bello
588 3613 708 3674 Marsico
729 3612 865 3692 (Philipp.
879 3613 929 3672 Xll
943 3614 992 3691 27)
1008 3614 1081 3674 τινὰ
1096 3615 1211 3696 χρόνον
1233 3611 1389 3686 (Plutarch.
1402 3613 1441 3692 3).

325 3736 362 3796 el.
392 3735 451 3796 Liv.
484 3735 617 3816 periocha
649 3736 725 3798 Clll:
758 3737 822 3808 „vir
853 3737 926 3798 nibil
949 3737 1045 3799 miuus
1067 3756 1155 3818 quam
1176 3737 1209 3799 ad
1233 3738 1306 3800 bella
1329 3737 1442 3807 natus'',

326 3851 392 3931 lily
420 3869 447 3930 p.
470 3854 518 3927 li,
545 3852 731 3914 Cucheval
763 3853 818 3932 lp.
841 3856 889 3914 tn.

366 3969 395 4041 3)
436 3967 652 4029 Cuchovall
683 3987 710 4048 p.
743 3973 782 4030 30
809 3988 870 4049 sqq.
893 3969 950 4031 Cic.
972 3970 1007 4032 de
1030 3971 1083 4050 leg.
1105 3970 1163 4032 lt.
1185 3978 1244 4041 etc;
1267 3969 1441 4031 laudeseins

324 4101 378 4160 eg.
396 4100 448 4162 pro
470 4083 559 4144 Balbo
581 4087 618 4145 46
641 4102 702 4163 sqq.

365 4202 395 4267 4)
438 4199 502 4270 „lle
524 4199 598 4261 nihil
618 4200 741 4262 istorum
764 4221 799 4264 ue
821 4201 955 4264 iuvenem
977 4201 1094 4280 quidem
1117 4202 1206 4264 movit
1229 4203 1386 4280 umquam*
1408 4201 1443 4263 ad

326 4315 344 4375 4.
367 4315 405 4376 lli
427 4319 495 4376 aun
516 4317 552 4377 cl.
574 4335 626 4395 pro
648 4317 742 4379 Caelio
763 4321 801 4379 46
831 4317 1000 4379 Boissier
1027 4337 1054 4397 p.
1077 4321 1115 4379 ut
1137 4319 1203 4398 ΑΙ)
1225 4336 1250 4397 p.
1273 4321 1301 4378 8.

366 4431 396 4516 5)
438 4433 478 4492 dl.
501 4431 536 4492 de
559 4432 639 4500 Orat.
662 4433 743 4499 4454
765 4434 949 4506 Cuclteval
971 4435 1020 4524 lp.
1034 4436 1444 4508 an-nu‚ao-tl,47-tt.
