3778 5488
960 703 1027 772 262

964 897 1046 966 ΧΙΙ.Ι

432 1067 727 1156 ΜΠῊῊΨ

518 1168 578 1261 Nil
596 1163 670 1262 'nisi
692 1213 762 1261 non
785 1192 927 1282 sapiens
952 1212 1094 1282 possum
1118 1193 1335 1282 timidusque
1361 1194 1493 1262 vocari:

566 1317 661 1386 Haec
684 1317 755 1385 duo
778 1322 863 1389 aunt
887 1317 1024 1385 animi
1049 1317 1194 1387 nomina
1220 1333 1302 1385 vera
1327 1315 1406 1386 mei.

476 1441 544 1510 Pro
566 1441 707 1510 animi
729 1441 918 1530 legendum
941 1447 995 1510 est
1017 1442 1128 1509 ausi.

954 1607 1045 1678 XIII.

475 1779 594 1848 Iuvan.
620 1779 648 1848 V
672 1778 807 1847 37-39
830 1779 899 1866 (ed.
925 1779 1181 1864 Weidner2):
1307 1782 1310 1788 '

1053 1905 1128 1994 ipse
1151 1925 1313 1992 capaces

520 2028 706 2097 Heliadum
731 2034 870 2098 crustas
893 2035 929 2097 et
952 2029 1170 2118 inaequales
1193 2027 1363 2097 berullos

522 2153 624 2222 Virro
647 2159 745 2222 tenet
767 2157 864 2222 tanet
889 2153 1023 2244 phiala.

474 2277 680 2366 Legendum
715 2298 792 2346 essa
827 2285 975 2368 putot..
1009 2279 1229 2368 capacis..·.
1254 2277 1465 2368 inaequalis
1490 2275 1551 2345 be-

428 2401 785 2490 rullo...phialae.
915 2431 918 2436 ·

950 2563 1040 2632 xlv.

473 2731 648 2800 luvenalis
672 2733 801 2800 satirae
826 2755 954 2822 magna
978 2755 1019 2801 ex
1045 2741 1144 2822 parte
1169 2732 1213 2800 ab
1230 2733 1304 2822 ipso
1317 2703 1421 2820 poeta
1433 2731 1548 2800 editae

427 2876 497 2926 non
522 2863 616 2926 sunt.

959 2999 1033 3067 XV.

471 3164 724 3256 Fragmentum
748 3167 1014 3236 luvenalianum
1040 3189 1069 3236 a.
1095 3167 1184 3237 1899
1208 3169 1334 3237 Oxonii
1366 3174 1546 3258 repertum

426 3291 621 3380 genuinum
645 3299 709 3361 est.

949 3434 1037 3502 xva
1135 3407 1138 3446 ³
1197 3437 1200 3444 ⁴

472 3599 629 3689 Xenoph.
654 3621 753 3670 conv.
780 3602 879 3671 111:

513 3723 568 3786 διά
596 3727 660 3812 [τε]
686 3727 721 3788 τὸ
751 3724 860 3810 φέρειν
884 3727 987 3812 μηδὲν
1012 3730 1083 3818 [καὶ
1109 3728 1165 3792 διὰ
1189 3731 1224 3790 τὸ
1241 3729 1417 3812 ἀνάριστον
1430 3723 1545 3817 abac}

426 3848 542 3919 Verba
565 3850 701 3920 inclusa
725 3855 961 3944 expungenda
984 3862 1076 3924 sunt.

926 3998 1032 4066 XVH.

424 4135 470 4204 ib.
497 4135 590 4206 114:

512 4257 626 4325 ἐλαίου
660 4261 695 4326 δὲ
725 4266 782 4326 τοῦ
808 4265 842 4327 ἐν
867 4265 1059 4345 γυμνασίοις
1081 4266 1160 4348 ὀσμὴ
1187 4267 1241 4328 καὶ
1270 4272 1418 4348 παροῦσα
1442 4263 1544 4348 ἡδίων

428 4395 445 4469 η’
470 4391 574 4472 μόρου
598 4389 730 4469 γυναιξὶ
751 4392 806 4452 καὶ
822 4391 949 4454 ἀποῦσα
963 4389 1194 4476 ποθεινοτέρα.
